2975 5217
135 566 456 653 erant¹‚
484 567 798 663 equidem
827 592 969 641 non
986 567 1427 660 crediderim,
1445 612 1542 623 —
1563 569 1623 641 si
1650 591 1955 665 unquam
1974 570 2422 664 exstiterunt,

139 723 284 737 -—
341 685 407 755 in
452 684 691 758 eodem
744 685 1089 759 tabulario
1134 686 1426 759 iacuisse
1480 687 1553 758 in
1608 710 1741 784 quo
1773 688 2081 760 recentia
2120 690 2433 785 Pythiae·

137 822 540 896 responsa.
596 803 841 899 Neque
891 801 1071 898 quod
1122 803 1519 876 Herodotus
1577 813 1823 877 narrat
1877 802 1964 901 (1.
2010 804 2137 895 90)
2172 805 2258 878 de
2295 805 2423 878 deo

135 915 514 1012 Delphico
540 919 836 1014 pristina
861 941 1197 1016 responsa
1227 942 1458 993 coram
1499 919 1741 1015 Lydiis
1780 921 2035 1015 legatis
2075 932 2314 995 tuente
2341 944 2423 995 ac

133 1033 686 1129 interpretante
741 1060 853 1110 me
924 1060 1357 1110 commovere
1412 1036 1599 1109 valet
1660 1048 1736 1109 ut
1788 1046 2021 1133 putem
2071 1039 2419 1112 exstitisse

135 1150 464 1246 Delphis
509 1154 950 1227 oraculorum
997 1177 1268 1247 sacram
1297 1174 1757 1251 synagogem
1792 1177 2090 1251 namque
2133 1156 2419 1229 historia

138 1271 648 1353 commenticia
676 1268 838 1363 est²;
869 1279 987 1344 aut
1017 1272 1216 1345 facile
1240 1272 1486 1345 credas
1512 1294 1552 1344 a
1580 1272 1823 1345 Croesi
1852 1272 2111 1367 legatis
2129 1296 2417 1369 respon-

139 1407 407 1458 sorum
445 1410 622 1484 quae
651 1388 1132 1485 vituperabant
1178 1389 1586 1462 memoriam
1646 1399 2047 1463 renovatam
2095 1413 2272 1463 esse.
2306 1390 2423 1467 Ne.

143 1502 410 1595 multa,
434 1515 790 1579 asservata
827 1530 980 1579 esse
1013 1507 1082 1581 in
1111 1507 1498 1603 praecipuis
1532 1505 1875 1579 manteiis
1903 1529 2261 1601 responsa,
2280 1530 2414 1601 ego

144 1619 344 1693 duco
384 1623 990 1719 verisimillimum,
1025 1624 1440 1719 praesertim
1466 1648 1623 1696 cum
1655 1624 1974 1696 videatur
2012 1624 2411 1698 Herodotus

147 1738 385 1811 multa
455 1763 630 1836 quae
708 1740 920 1815 refert
987 1742 1270 1814 oracula
1351 1764 1438 1813 ex
1504 1740 1979 1814 sacerdotibus
2050 1739 2411 1835 Delphicis

148 1854 594 1949 audivisse³;
652 1882 777 1952 pro
828 1867 1015 1932 certo
1066 1858 1326 1931 habere
1382 1881 1521 1929 non
1573 1881 1880 1952 possum.
1946 1856 2133 1941 Quid
2190 1860 2409 1931 vero?

146 1970 318 2043 Hoc
357 1971 602 2046 saltem
641 1984 836 2047 extra
867 1975 1150 2047 dubium
1185 1982 1314 2064 est,
1349 1974 1424 2045 in
1473 1973 1611 2045 illis
1660 1973 2003 2047 manteiis
2049 1973 2408 2048 ministros

145 2114 302 2164 non
358 2092 766 2167 abstinuisse
810 2093 977 2190 quin
1026 2116 1517 2189 responsorum
1564 2091 1853 2164 formam
1911 2092 2244 2165 minutius
2271 2092 2405 2188 ipsi

147 2205 566 2300 definirent3
641 2234 812 2305 quos
891 2209 1210 2282 versibus
1275 2208 1688 2282 sententiam
1760 2232 1963 2303 saepe
2036 2208 2404 2283 inclusisse

151 2321 442 2417 scimuS,
478 2326 944 2399 scribentibus
991 2327 1252 2400 theoris
1280 2327 1663 2422 praeivisse
1716 2325 1929 2398 verba
1971 2325 2403 2399 Pomtowius

150 2443 412 2519 docet⁴.
449 2444 696 2538 Igitur,
730 2444 845 2517 vel
900 2444 959 2516 si
1018 2468 1158 2517 non
1206 2444 1519 2517 exstabat
1565 2466 2057 2541 responsorum
2088 2441 2402 2537 legitima

147 2583 546 2657 synagoge,
581 2586 665 2634 ex
709 2562 1046 2634 ministris
1096 2560 1364 2656 exquiri
1421 2570 1690 2656 poterat
1740 2584 1907 2632 num
1967 2560 2191 2631 theori
2232 2583 2399 2633 vera

149 2678 641 2753 rettulissent5.
726 2677 914 2749 Audi
973 2677 1157 2774 quod
1233 2675 1416 2772 apud
1500 2675 1908 2771 Sophoclem
1972 2675 2196 2767 (Oed.
2262 2678 2393 2766 R„
2481 2675 2486 2681 ’

149 2817 224 2867 v.
285 2794 668 2888 603-604),
721 2795 901 2867 irato
938 2794 1199 2889 Oedipo
1264 2804 1465 2889 atque
1517 2793 1934 2887 suspectanti
1994 2814 2035 2864 a
2094 2792 2395 2866 Creonte

151 2909 325 2983 falsa
387 2912 800 3004 renuntiari,
860 2912 1082 2984 Creon
1128 2908 1278 3008 (qui
1311 2933 1651 3005 nusquam
1695 2909 1946 2981 dicitur
1984 2931 2393 3004 responsum

151 3028 482 3122 scriptum
509 3032 928 3123 reportasse)
962 3028 1336 3124 respondet
1363 3036 1439 3099 ut
1468 3028 1729 3099 crimen
1760 3024 2090 3098 defendat
2127 3050 2142 3096 t

535 3235 636 3303 καὶ
663 3233 834 3305 τῶνδ’
867 3231 1102 3331 ἔλεγχον
1129 3258 1279 3303 τουτο
1302 3230 1412 3322 μὲν
1451 3229 1699 3299 Πυθώδ’
1735 3229 1836 3298 ἷῶν

529 3351 738 3423 πεύθου
769 3352 844 3422 τά
877 3350 1217 3449 χρησθέντ’,
1247 3348 1307 3417 εἰ
1340 3350 1548 3445 σαφῶς
1571 3345 1820 3443 ἤγγειλά
1840 3374 1925 3417 σοι

230 3597 247 3631 ²
275 3597 501 3674 Ephor.
536 3614 631 3673 ap.
667 3595 856 3664 Plut„
890 3597 1063 3671 Lycu,
1094 3592 1194 3654 26.

228 3686 249 3721 ²
277 3687 364 3749 Cf.
387 3686 716 3759 Benedikt‚
741 3686 836 3745 De
853 3685 1134 3745 oraculis
1170 3683 1252 3743 ab
1289 3682 1621 3741 Herodoto
1652 3683 2181 3757 commemorati-3,
2217 3682 2383 3744 Diss.

155 3774 404 3849 Bonnae,
441 3776 620 3847 1871,
650 3794 711 3853 p.
738 3775 840 3835 29.

227 3862 248 3899 ³
278 3864 397 3926 O.l.
411 3911 425 3938 ‚
458 3865 705 3942 passim.

226 3952 246 3988 ⁴
269 3956 443 4015 Neue
469 3954 906 4027 Ιαὴνόίὶσήεν,
945 3953 1234 4013 CXXVII
1260 3947 1497 4031 (1883),
1532 3968 1591 4025 p.
1629 3948 1773 4011 353.

227 4042 246 4079 ⁵
269 4044 642 4104 Aristodicus
672 4044 914 4120 quidem
951 4044 1108 4120 apud
1139 4042 1505 4100 Herodotum
1535 4037 1611 4117 (Ι.
1650 4038 1815 4117 159),
1850 4056 1927 4099 ex
1956 4038 2380 4101 sacerdotibus

155 4130 614 4195 Branchidarum
625 4133 1088 4209 haudquaquam
1101 4128 1442 4188 sciscitatus
1462 4144 1608 4184 num
1626 4129 1908 4204 Cymaeis
1921 4129 2157 4204 priores
2180 4130 2385 4189 theori

158 4240 282 4285 vera
317 4222 686 4294 rettulerint,
716 4222 992 4301 protinus
1027 4220 1222 4295 ipsum
1267 4217 1444 4274 deum
1472 4231 1691 4275 rursus
1731 4216 2108 4293 interrogat3
2151 4220 2256 4278 sed
2294 4218 2382 4280 sic

161 4314 328 4390 egisse
356 4313 513 4373 forte
541 4313 843 4390 putandus
869 4315 962 4370 est
985 4307 1126 4385 quia
1155 4323 1271 4363 non
1301 4303 1495 4363 solum
1523 4304 1789 4375 theores,
1824 4306 1929 4365 sed
1954 4312 2015 4365 et
2035 4307 2383 4369 sacerdotes
