2975 5217
1600 460 1956 529 —72—

755 600 990 675 Pauca
1034 602 1120 673 de
1169 602 1425 677 divinis
1472 602 1725 676 addam
1791 606 1909 701 qui
1971 604 2321 677 exercitus
2374 603 2891 678 comitabantur.

654 718 815 791 Illos
855 742 1047 823 sane,
1107 729 1341 815 utpote
1387 722 1463 793 in
1499 722 1715 794 rebus
1755 721 1958 793 valde
1996 718 2413 815 ancipitibus
2460 727 2684 792 artem
2714 742 2923 791 exer--

653 845 885 909 centes
920 830 1036 909 ubi
1083 846 1450 933 properato
1504 860 1709 932 saepe
1756 861 1931 933 opus
1980 847 2156 929 erat,
2213 837 2476 910 maiore
2503 836 2889 909 auctoritate

650 956 1001 1051 praeditos
1028 954 1248 1028 fuisse
1289 980 1497 1053 quam
1551 956 1789 1029 civiles
1822 956 2084 1047 μάντεις,
2125 964 2194 1028 et
2219 980 2347 1050 per
2393 978 2467 1027 se
2519 954 2688 1027 satis
2727 952 2886 1025 veri-

649 1072 876 1145 simile
915 1082 1022 1145 est
1058 1079 1126 1144 et
1170 1070 1586 1146 testimoniis
1641 1072 1875 1145 multis
1944 1073 2462 1168 comprobatur.
2520 1072 2601 1143 In
2646 1070 2884 1143 eisdem

643 1198 876 1262 autem
933 1189 1275 1284 eligendis
1336 1189 1510 1261 nihil
1561 1191 1785 1286 magis
1861 1189 2112 1263 Graeci
2181 1198 2641 1284 respexerunt
2698 1210 2881 1283 quam

643 1306 970 1401 cuiusque
998 1305 1133 1377 viri
1162 1305 1606 1401 prudentiam
1636 1314 1703 1379 et
1756 1306 2254 1399 calliditatem;
2300 1306 2393 1378 ita
2431 1312 2505 1377 ut
2562 1327 2701 1376 non
2743 1325 2879 1373 raro

640 1422 1052 1518 peregrinos
1101 1422 1714 1513 antehabuerint1,
1779 1424 1946 1519 quin
2011 1432 2079 1495 et
2109 1423 2241 1516 ipsi
2270 1422 2667 1517 Spartiatae
2697 1418 2877 1491 donis

639 1540 900 1628 multiS‚
949 1538 1225 1612 tandem
1257 1538 1563 1629 civitate,
1608 1540 2063 1613 Tisamenum
2097 1540 2342 1611 Eleum
2374 1538 2726 1609 devincire
2762 1534 2875 1607 sibi

639 1656 990 1729 voluerint
1007 1654 1059 1727 ².
1093 1656 1183 1728 Et
1211 1656 1509 1728 Athenis
1545 1658 1797 1729 saltem
1838 1679 1976 1729 non
2027 1655 2186 1728 duci
2232 1653 2648 1749 permissum
2684 1652 2872 1724 fuisse

639 1783 713 1845 ut
776 1796 978 1869 quem
1037 1772 1250 1845 vellet
1303 1773 1620 1844 divinum
1649 1773 1986 1846 exercitui
2044 1772 2243 1868 quasi
2275 1779 2757 1866 praeponeret,
2796 1769 2870 1838 si-

637 1888 924 1983 gnificat
953 1890 1156 1961 Plato
1182 1890 1257 1960 in
1297 1889 1625 1961 Lachete
1664 1889 1769 1988 (p.
1823 1889 1963 1963 198
2004 1885 2097 1985 E)
2129 1887 2445 1960 scribens
2480 1911 2495 1955 ι
2537 1884 2692 1953 καὶὸ
2728 1883 2869 1974 νόμος

633 2001 776 2075 οὕτω
805 2006 1016 2097 τάττει,
1051 2003 1134 2096 μή
1173 2005 1264 2076 τὸν
1300 2006 1510 2096 μάντιν
1539 2012 1634 2077 τοῦ
1684 2009 2009 2102 στρατηγοῦ
2069 2002 2305 2103 ἄρχειν,
2360 2002 2513 2071 ἀλλά
2566 2000 2656 2072 τὸν
2702 2028 2868 2097 στρα-

632 2122 802 2217 τηγὸν
840 2128 933 2193 τοῦ
971 2122 1258 2213 μάντεως.
1287 2123 1525 2202 Μάντις
1556 2146 1753 2216 ergO‚
1790 2124 1979 2195 haud
2017 2145 2218 2194 secus
2250 2142 2333 2193 ac
2362 2116 2679 2218 στρατηγός
2711 2119 2862 2213 ipse,

633 2264 674 2312 a
699 2240 995 2332 civibus,
1035 2241 1266 2330 cred0‚
1311 2241 1726 2334 designatus
1768 2237 1921 2314 fuit.
1978 2240 2269 2311 Praeter
2322 2261 2528 2334 quem
2567 2237 2702 2308 dux
2739 2236 2863 2306 sine

633 2356 837 2428 dubio
867 2358 1307 2449 domesticos,
1340 2365 1416 2429 ut
1436 2358 1534 2429 ita
1580 2357 1829 2446 dicam,
1875 2355 2148 2427 divinos
2178 2376 2415 2428 secum
2440 2376 2653 2447 agere
2684 2361 2861 2447 pote-

631 2482 762 2563 rat,
807 2497 980 2570 quos
1007 2476 1080 2546 in
1119 2473 1484 2547 consilium
1506 2474 1833 2570 privatim
1867 2472 2158 2546 arbitrio
2198 2495 2324 2544 suo
2348 2469 2733 2543 adhiberet.

1746 2698 1777 2733 νε

1679 2760 1708 2791 4
1808 2760 1840 2794 4

723 2890 962 2985 Longe
1011 2891 1293 2963 maioris
1343 2891 1671 2963 momenti
1729 2913 1937 2987 quam
1987 2892 2349 2984 signorum
2399 2888 2849 2984 interpretatio

627 3009 906 3081 oracula
957 3017 1024 3081 et
1053 3006 1312 3105 χρησμοί
1348 3005 1633 3079 fuerunt
1656 3031 1675 3099 3
1721 3008 1808 3079 de
1838 3006 2091 3103 quibus
2134 3006 2339 3079 nobis
2397 3030 2583 3079 nunc
2638 3005 2851 3078 dicen·

625 3124 814 3197 dum.

721 3362 891 3433 Cum
931 3382 968 3430 e
1013 3357 1275 3453 templo
1327 3365 1612 3429 externo
1661 3356 1977 3428 civitates
2018 3357 2292 3429 oracula
2338 3356 2685 3452 petebant,
2734 3354 2845 3424 du*

622 3475 781 3571 plex
831 3474 1211 3569 periculum
1267 3472 1430 3566 fuit,
1487 3472 1792 3568 primum
1838 3495 1928 3544 ne
1984 3471 2223 3567 templi
2276 3474 2673 3546 sacerdotes
2718 3492 2844 3542 cum

620 3589 920 3664 factione
944 3591 1242 3687 quadam
1285 3590 1548 3661 civium
1576 3589 2086 3683 conspirarent,
2123 3589 2282 3661 dein
2304 3612 2393 3661 ne
2435 3589 2842 3662 sacerdotum

621 3729 958 3803 responsa
985 3708 1212 3780 theori
1255 3729 1392 3779 non
1454 3727 1623 3777 vere
1669 3704 2034 3778 referrent.
2100 3705 2481 3778 Videamus
2533 3700 2841 3801 quomodo

619 3824 898 3920 utrique
929 3845 1296 3896 occurrere
1317 3821 1573 3894 Graeci
1601 3822 1827 3893 conati
1857 3822 2023 3893 sint.

719 3940 1024 4013 Suadere
1061 3940 1168 4013 vel
1195 3940 1572 4011 decernere
1601 3948 1678 4011 ut
1724 3938 2025 4009 oraculis
2059 3935 2338 4032 publica
2395 3937 2677 4031 negotia
2715 3955 2837 4030 per-

531 4256 534 4258 .
701 4192 720 4226 ²
753 4194 846 4254 Cf.
885 4192 1447 4269 Bouchc-Leclerq‚
1489 4192 1785 4252 Histoire
1822 4192 1903 4251 de
1943 4193 2019 4251 la·
2049 4191 2441 4265 divination,
2474 4192 2555 4262 ΙΙ,
2588 4210 2647 4267 p.
2675 4184 2834 4249 62-92

620 4281 925 4362 (passim).

696 4369 721 4405 ²
750 4372 1006 4443 Herod„
1038 4372 1154 4434 IX.
1187 4372 1292 4432 33.
