<?xml version="1.0" encoding="UTF-8"?>
<!DOCTYPE html PUBLIC "-//W3C//DTD XHTML 1.0 Transitional//EN"
    "http://www.w3.org/TR/xhtml1/DTD/xhtml1-transitional.dtd">
<html xmlns="http://www.w3.org/1999/xhtml" xml:lang="en" lang="en">
 <head>
  <title>
</title>
<meta http-equiv="Content-Type" content="text/html;charset=utf-8" />
  <meta name='ocr-system' content='tesseract 3.04.00' />
  <meta name='ocr-capabilities' content='ocr_page ocr_carea ocr_par ocr_line ocrx_word'/>
</head>
<body>
  <div class='ocr_page' id='page_1' title='image "./quoanimograecip00legrgoog_0089.png"; bbox 0 0 2975 5217; ppageno 0'>
   <div class='ocr_carea' id='block_1_1' title="bbox 1123 461 1478 529">
    <p class='ocr_par' dir='ltr' id='par_1_1' title="bbox 1123 461 1478 529">
     <span class='ocr_line' id='line_1_1' title="bbox 1123 461 1478 529; baseline 0 -18"><span class='ocrx_word' id='word_1_1' title='bbox 1123 461 1478 529; x_wconf 62' lang='lat'>„79-</span> 
     </span>
    </p>
   </div>
   <div class='ocr_carea' id='block_1_2' title="bbox 161 598 2428 3380">
    <p class='ocr_par' dir='ltr' id='par_1_2' title="bbox 161 598 2428 3380">
     <span class='ocr_line' id='line_1_2' title="bbox 161 598 2428 703; baseline -0.003 -26"><span class='ocrx_word' id='word_1_2' title='bbox 161 606 285 677; x_wconf 92' lang='lat' dir='ltr'>ubi</span> <span class='ocrx_word' id='word_1_3' title='bbox 316 630 499 679; x_wconf 91' lang='lat' dir='ltr'>usus</span> <span class='ocrx_word' id='word_1_4' title='bbox 529 606 984 679; x_wconf 81' lang='lat' dir='ltr'>divinationis</span> <span class='ocrx_word' id='word_1_5' title='bbox 1028 628 1232 703; x_wconf 89' lang='lat' dir='ltr'>quam</span> <span class='ocrx_word' id='word_1_6' title='bbox 1283 604 1582 677; x_wconf 81' lang='lat' dir='ltr'><strong>maxime</strong></span> <span class='ocrx_word' id='word_1_7' title='bbox 1628 603 1909 677; x_wconf 85' lang='lat' dir='ltr'>vitiatus</span> <span class='ocrx_word' id='word_1_8' title='bbox 1962 600 2116 690; x_wconf 86' lang='lat' dir='ltr'>fuit,</span> <span class='ocrx_word' id='word_1_9' title='bbox 2160 600 2234 671; x_wconf 94' lang='lat' dir='ltr'>in</span> <span class='ocrx_word' id='word_1_10' title='bbox 2265 598 2428 673; x_wconf 89' lang='lat' dir='ltr'>fano</span> 
     </span>
     <span class='ocr_line' id='line_1_3' title="bbox 163 718 2427 819; baseline -0.003 -24"><span class='ocrx_word' id='word_1_11' title='bbox 163 726 336 796; x_wconf 88' lang='lat' dir='ltr'>deae</span> <span class='ocrx_word' id='word_1_12' title='bbox 393 723 790 818; x_wconf 79' lang='lat' dir='ltr'><strong>Pasiphaae</strong></span> <span class='ocrx_word' id='word_1_13' title='bbox 828 723 1072 819; x_wconf 85' lang='lat' dir='ltr'>ephori</span> <span class='ocrx_word' id='word_1_14' title='bbox 1140 722 1420 795; x_wconf 88' lang='lat' dir='ltr'>assidue</span> <span class='ocrx_word' id='word_1_15' title='bbox 1475 718 1886 810; x_wconf 77' lang='lat' dir='ltr'>cubabant¹,</span> <span class='ocrx_word' id='word_1_16' title='bbox 1950 728 2017 789; x_wconf 84' lang='lat' dir='ltr'>et</span> <span class='ocrx_word' id='word_1_17' title='bbox 2067 718 2250 814; x_wconf 89' lang='lat' dir='ltr'>quod</span> <span class='ocrx_word' id='word_1_18' title='bbox 2301 740 2427 811; x_wconf 91' lang='lat' dir='ltr'>per</span> 
     </span>
     <span class='ocr_line' id='line_1_4' title="bbox 167 834 2425 933; baseline -0 -21"><span class='ocrx_word' id='word_1_19' title='bbox 167 840 440 912; x_wconf 88' lang='lat' dir='ltr'>somnia</span> <span class='ocrx_word' id='word_1_20' title='bbox 492 842 606 912; x_wconf 89' lang='lat' dir='ltr'>vel</span> <span class='ocrx_word' id='word_1_21' title='bbox 652 840 915 912; x_wconf 85' lang='lat' dir='ltr'>vidisse</span> <span class='ocrx_word' id='word_1_22' title='bbox 955 840 1065 911; x_wconf 86' lang='lat' dir='ltr'>vel</span> <span class='ocrx_word' id='word_1_23' title='bbox 1115 839 1466 912; x_wconf 88' lang='lat' dir='ltr'>audivisse</span> <span class='ocrx_word' id='word_1_24' title='bbox 1514 836 2006 933; x_wconf 83' lang='lat' dir='ltr'>profitebantur</span> <span class='ocrx_word' id='word_1_25' title='bbox 2060 834 2425 911; x_wconf 83' lang='lat' dir='ltr'>contradi-</span> 
     </span>
     <span class='ocr_line' id='line_1_5' title="bbox 167 949 2427 1050; baseline -0.002 -23"><span class='ocrx_word' id='word_1_26' title='bbox 167 956 490 1029; x_wconf 87' lang='lat' dir='ltr'>centibus</span> <span class='ocrx_word' id='word_1_27' title='bbox 547 956 826 1029; x_wconf 89' lang='lat' dir='ltr'>obicere</span> <span class='ocrx_word' id='word_1_28' title='bbox 887 956 1073 1028; x_wconf 85' lang='lat' dir='ltr'>soliti</span> <span class='ocrx_word' id='word_1_29' title='bbox 1121 952 1362 1047; x_wconf 79' lang='lat' dir='ltr'>sunt23</span> <span class='ocrx_word' id='word_1_30' title='bbox 1419 955 1543 1027; x_wconf 91' lang='lat' dir='ltr'>sed</span> <span class='ocrx_word' id='word_1_31' title='bbox 1597 976 1771 1050; x_wconf 89' lang='lat' dir='ltr'>quae</span> <span class='ocrx_word' id='word_1_32' title='bbox 1828 949 2226 1023; x_wconf 83' lang='lat' dir='ltr'>referebant</span> <span class='ocrx_word' id='word_1_33' title='bbox 2288 974 2427 1023; x_wconf 91' lang='lat' dir='ltr'>non</span> 
     </span>
     <span class='ocr_line' id='line_1_6' title="bbox 169 1066 2422 1169; baseline -0.002 -24"><span class='ocrx_word' id='word_1_34' title='bbox 169 1074 314 1145; x_wconf 89' lang='lat' dir='ltr'>sine</span> <span class='ocrx_word' id='word_1_35' title='bbox 343 1074 832 1147; x_wconf 85' lang='lat' dir='ltr'>controversia</span> <span class='ocrx_word' id='word_1_36' title='bbox 855 1073 1146 1169; x_wconf 91' lang='lat' dir='ltr'>populus</span> <span class='ocrx_word' id='word_1_37' title='bbox 1178 1096 1305 1166; x_wconf 88' lang='lat' dir='ltr'>pro</span> <span class='ocrx_word' id='word_1_38' title='bbox 1333 1072 1493 1165; x_wconf 82' lang='lat' dir='ltr'>lege</span> <span class='ocrx_word' id='word_1_39' title='bbox 1517 1070 1837 1143; x_wconf 90' lang='lat' dir='ltr'>habebat.</span> <span class='ocrx_word' id='word_1_40' title='bbox 1876 1112 1971 1123; x_wconf 89' lang='lat'>--</span> <span class='ocrx_word' id='word_1_41' title='bbox 2000 1068 2112 1139; x_wconf 90' lang='lat' dir='ltr'>Ad</span> <span class='ocrx_word' id='word_1_42' title='bbox 2140 1066 2422 1141; x_wconf 87' lang='lat' dir='ltr'>oracula</span> 
     </span>
     <span class='ocr_line' id='line_1_7' title="bbox 169 1183 2417 1289; baseline -0.003 -28"><span class='ocrx_word' id='word_1_43' title='bbox 169 1198 455 1263; x_wconf 80' lang='lat' dir='ltr'>transeo</span> <span class='ocrx_word' id='word_1_44' title='bbox 519 1190 633 1262; x_wconf 90' lang='lat' dir='ltr'>ubi</span> <span class='ocrx_word' id='word_1_45' title='bbox 713 1213 840 1289; x_wconf 90' lang='lat' dir='ltr'>per</span> <span class='ocrx_word' id='word_1_46' title='bbox 905 1189 1246 1263; x_wconf 82' lang='lat' dir='ltr'>antistites</span> <span class='ocrx_word' id='word_1_47' title='bbox 1300 1188 1695 1260; x_wconf 89' lang='lat' dir='ltr'>hominibus</span> <span class='ocrx_word' id='word_1_48' title='bbox 1756 1186 1926 1259; x_wconf 88' lang='lat' dir='ltr'>deus</span> <span class='ocrx_word' id='word_1_49' title='bbox 1980 1183 2417 1279; x_wconf 81' lang='lat' dir='ltr'>loquebatur,</span> 
     </span>
     <span class='ocr_line' id='line_1_8' title="bbox 171 1302 2423 1402; baseline -0.002 -24"><span class='ocrx_word' id='word_1_50' title='bbox 171 1305 397 1402; x_wconf 89' lang='lat' dir='ltr'>qualia</span> <span class='ocrx_word' id='word_1_51' title='bbox 478 1305 764 1380; x_wconf 87' lang='lat' dir='ltr'>fuerunt</span> <span class='ocrx_word' id='word_1_52' title='bbox 842 1306 1288 1400; x_wconf 88' lang='lat' dir='ltr'>Delphicum,</span> <span class='ocrx_word' id='word_1_53' title='bbox 1377 1304 1853 1392; x_wconf 89' lang='lat' dir='ltr'>Dodonaeum,</span> <span class='ocrx_word' id='word_1_54' title='bbox 1940 1302 2304 1397; x_wconf 82' lang='lat' dir='ltr'>Libycum,</span> <span class='ocrx_word' id='word_1_55' title='bbox 2382 1325 2423 1373; x_wconf 92' lang='lat' dir='ltr'>a</span> 
     </span>
     <span class='ocr_line' id='line_1_9' title="bbox 173 1420 2422 1519; baseline -0.003 -24"><span class='ocrx_word' id='word_1_56' title='bbox 173 1423 565 1495; x_wconf 85' lang='lat' dir='ltr'>civitatibus</span> <span class='ocrx_word' id='word_1_57' title='bbox 628 1423 1036 1519; x_wconf 88' lang='lat' dir='ltr'>plerumque</span> <span class='ocrx_word' id='word_1_58' title='bbox 1083 1422 1543 1515; x_wconf 81' lang='lat' dir='ltr'>interrogata.</span> <span class='ocrx_word' id='word_1_59' title='bbox 1605 1421 1771 1494; x_wconf 92' lang='lat' dir='ltr'>Cum</span> <span class='ocrx_word' id='word_1_60' title='bbox 1824 1420 2049 1491; x_wconf 85' lang='lat' dir='ltr'>theori</span> <span class='ocrx_word' id='word_1_61' title='bbox 2089 1441 2422 1493; x_wconf 91' lang='lat' dir='ltr'>nonnun-</span> 
     </span>
     <span class='ocr_line' id='line_1_10' title="bbox 173 1535 2423 1636; baseline -0.001 -25"><span class='ocrx_word' id='word_1_62' title='bbox 173 1561 376 1636; x_wconf 88' lang='lat' dir='ltr'>quam</span> <span class='ocrx_word' id='word_1_63' title='bbox 449 1547 826 1611; x_wconf 86' lang='lat' dir='ltr'>narrentur</span> <span class='ocrx_word' id='word_1_64' title='bbox 881 1539 1019 1612; x_wconf 86' lang='lat' dir='ltr'>illis</span> <span class='ocrx_word' id='word_1_65' title='bbox 1074 1562 1119 1610; x_wconf 84' lang='lat' dir='ltr'>a</span> <span class='ocrx_word' id='word_1_66' title='bbox 1179 1538 1424 1635; x_wconf 90' lang='lat' dir='ltr'>quibus</span> <span class='ocrx_word' id='word_1_67' title='bbox 1480 1537 1694 1631; x_wconf 84' lang='lat' dir='ltr'>legati</span> <span class='ocrx_word' id='word_1_68' title='bbox 1758 1535 2037 1609; x_wconf 87' lang='lat' dir='ltr'>fuerant</span> <span class='ocrx_word' id='word_1_69' title='bbox 2090 1557 2423 1630; x_wconf 87' lang='lat' dir='ltr'>responsa</span> 
     </span>
     <span class='ocr_line' id='line_1_11' title="bbox 174 1652 2419 1752; baseline -0.002 -25"><span class='ocrx_word' id='word_1_70' title='bbox 174 1656 426 1752; x_wconf 87' lang='lat' dir='ltr'>scripta</span> <span class='ocrx_word' id='word_1_71' title='bbox 475 1664 901 1750; x_wconf 82' lang='lat' dir='ltr'>reportasse,</span> <span class='ocrx_word' id='word_1_72' title='bbox 953 1655 1138 1729; x_wconf 86' lang='lat' dir='ltr'>forte</span> <span class='ocrx_word' id='word_1_73' title='bbox 1184 1654 1557 1749; x_wconf 85' lang='lat' dir='ltr'>suspiceris</span> <span class='ocrx_word' id='word_1_74' title='bbox 1600 1653 2177 1749; x_wconf 89' lang='lat' dir='ltr'>impedimentum</span> <span class='ocrx_word' id='word_1_75' title='bbox 2214 1652 2419 1724; x_wconf 75' lang='lat' dir='ltr'>frau—</span> 
     </span>
     <span class='ocr_line' id='line_1_12' title="bbox 173 1759 2421 1871; baseline -0.001 -28"><span class='ocrx_word' id='word_1_76' title='bbox 173 1773 370 1845; x_wconf 88' lang='lat' dir='ltr'>dibus</span> <span class='ocrx_word' id='word_1_77' title='bbox 411 1796 499 1845; x_wconf 82' lang='lat' dir='ltr'>ex</span> <span class='ocrx_word' id='word_1_78' title='bbox 525 1759 609 1845; x_wconf 88' lang='lat' dir='ltr'>eo</span> <span class='ocrx_word' id='word_1_79' title='bbox 639 1770 858 1844; x_wconf 87' lang='lat' dir='ltr'>fuisse</span> <span class='ocrx_word' id='word_1_80' title='bbox 887 1770 1201 1871; x_wconf 86' lang='lat' dir='ltr'>allatum,</span> <span class='ocrx_word' id='word_1_81' title='bbox 1237 1771 1422 1867; x_wconf 91' lang='lat' dir='ltr'>quod</span> <span class='ocrx_word' id='word_1_82' title='bbox 1449 1769 1713 1843; x_wconf 87' lang='lat' dir='ltr'>oraculi</span> <span class='ocrx_word' id='word_1_83' title='bbox 1746 1768 2047 1841; x_wconf 86' lang='lat' dir='ltr'>ministri</span> <span class='ocrx_word' id='word_1_84' title='bbox 2089 1791 2421 1863; x_wconf 87' lang='lat' dir='ltr'>responsa</span> 
     </span>
     <span class='ocr_line' id='line_1_13' title="bbox 173 1884 2423 1985; baseline -0.002 -25"><span class='ocrx_word' id='word_1_85' title='bbox 173 1889 277 1961; x_wconf 86' lang='lat' dir='ltr'>vel</span> <span class='ocrx_word' id='word_1_86' title='bbox 342 1889 480 1985; x_wconf 82' lang='lat' dir='ltr'>ipsi</span> <span class='ocrx_word' id='word_1_87' title='bbox 552 1888 936 1964; x_wconf 83' lang='lat' dir='ltr'>seriberent</span> <span class='ocrx_word' id='word_1_88' title='bbox 1000 1887 1112 1959; x_wconf 86' lang='lat' dir='ltr'>vel</span> <span class='ocrx_word' id='word_1_89' title='bbox 1175 1888 1430 1981; x_wconf 85' lang='lat' dir='ltr'>scripta</span> <span class='ocrx_word' id='word_1_90' title='bbox 1491 1886 1744 1959; x_wconf 91' lang='lat' dir='ltr'>saltem</span> <span class='ocrx_word' id='word_1_91' title='bbox 1820 1884 2291 1981; x_wconf 83' lang='lat' dir='ltr'>perlegerent,</span> <span class='ocrx_word' id='word_1_92' title='bbox 2356 1893 2423 1956; x_wconf 89' lang='lat' dir='ltr'>et</span> 
     </span>
     <span class='ocr_line' id='line_1_14' title="bbox 175 2000 2421 2099; baseline -0.002 -23"><span class='ocrx_word' id='word_1_93' title='bbox 175 2004 402 2098; x_wconf 85' lang='lat' dir='ltr'>sigillo</span> <span class='ocrx_word' id='word_1_94' title='bbox 469 2004 583 2077; x_wconf 87' lang='lat' dir='ltr'>vel</span> <span class='ocrx_word' id='word_1_95' title='bbox 651 2004 786 2077; x_wconf 87' lang='lat' dir='ltr'>alio</span> <span class='ocrx_word' id='word_1_96' title='bbox 854 2004 1057 2099; x_wconf 85' lang='lat' dir='ltr'>signo</span> <span class='ocrx_word' id='word_1_97' title='bbox 1113 2004 1326 2096; x_wconf 85' lang='lat' dir='ltr'>digna</span> <span class='ocrx_word' id='word_1_98' title='bbox 1377 2004 1518 2076; x_wconf 92' lang='lat' dir='ltr'>fide</span> <span class='ocrx_word' id='word_1_99' title='bbox 1575 2001 1908 2075; x_wconf 86' lang='lat' dir='ltr'>facerent.</span> <span class='ocrx_word' id='word_1_100' title='bbox 1967 2001 2092 2075; x_wconf 87' lang='lat' dir='ltr'>Cui</span> <span class='ocrx_word' id='word_1_101' title='bbox 2147 2000 2421 2097; x_wconf 89' lang='lat' dir='ltr'>quidem</span> 
     </span>
     <span class='ocr_line' id='line_1_15' title="bbox 175 2116 2421 2218; baseline -0.004 -26"><span class='ocrx_word' id='word_1_102' title='bbox 175 2120 480 2217; x_wconf 91' lang='lat' dir='ltr'>opinioni</span> <span class='ocrx_word' id='word_1_103' title='bbox 506 2120 1006 2218; x_wconf 89' lang='lat' dir='ltr'>quodammodo</span> <span class='ocrx_word' id='word_1_104' title='bbox 1035 2119 1234 2193; x_wconf 87' lang='lat' dir='ltr'>favet</span> <span class='ocrx_word' id='word_1_105' title='bbox 1257 2120 1449 2193; x_wconf 84' lang='lat' dir='ltr'>locus</span> <span class='ocrx_word' id='word_1_106' title='bbox 1478 2120 1759 2207; x_wconf 86' lang='lat' dir='ltr'>Suidae‚</span> <span class='ocrx_word' id='word_1_107' title='bbox 1788 2118 1917 2191; x_wconf 88' lang='lat' dir='ltr'>sub</span> <span class='ocrx_word' id='word_1_108' title='bbox 1947 2116 2160 2191; x_wconf 87' lang='lat' dir='ltr'>verbo</span> <span class='ocrx_word' id='word_1_109' title='bbox 2187 2116 2262 2188; x_wconf 75' lang='grc' dir='ltr'>τοὶ</span> <span class='ocrx_word' id='word_1_110' title='bbox 2282 2118 2421 2213; x_wconf 79' lang='grc' dir='ltr'>τρία</span> 
     </span>
     <span class='ocr_line' id='line_1_16' title="bbox 176 2233 2422 2333; baseline -0.002 -25"><span class='ocrx_word' id='word_1_111' title='bbox 176 2236 534 2310; x_wconf 82' lang='lat' dir='ltr'>scribentis</span> <span class='ocrx_word' id='word_1_112' title='bbox 569 2262 584 2307; x_wconf 90' lang='lat'><strong>:</strong></span> <span class='ocrx_word' id='word_1_113' title='bbox 619 2233 701 2306; x_wconf 78' lang='grc' dir='ltr'>ὅτι</span> <span class='ocrx_word' id='word_1_114' title='bbox 745 2234 772 2304; x_wconf 78' lang='grc' dir='ltr'><em>ὃ</em></span> <span class='ocrx_word' id='word_1_115' title='bbox 805 2234 1217 2327; x_wconf 82' lang='grc' dir='ltr'>μαντευόμενος</span> <span class='ocrx_word' id='word_1_116' title='bbox 1243 2240 1305 2305; x_wconf 81' lang='grc' dir='ltr'>ἐν</span> <span class='ocrx_word' id='word_1_117' title='bbox 1335 2236 1583 2333; x_wconf 75' lang='grc' dir='ltr'>Δελφοῖς</span> <span class='ocrx_word' id='word_1_118' title='bbox 1623 2235 2099 2327; x_wconf 70' lang='grc' dir='ltr'>σεσημασμένως</span> <span class='ocrx_word' id='word_1_119' title='bbox 2126 2234 2422 2325; x_wconf 74' lang='grc' dir='ltr'>ἐλάμὸανε</span> 
     </span>
     <span class='ocr_line' id='line_1_17' title="bbox 173 2346 2411 2451; baseline -0.002 -28"><span class='ocrx_word' id='word_1_120' title='bbox 173 2354 291 2432; x_wconf 72' lang='grc' dir='ltr'>τούς</span> <span class='ocrx_word' id='word_1_121' title='bbox 327 2354 656 2451; x_wconf 69' lang='grc' dir='ltr'>χρησμούς,</span> <span class='ocrx_word' id='word_1_122' title='bbox 698 2354 802 2423; x_wconf 80' lang='grc' dir='ltr'>καὶ</span> <span class='ocrx_word' id='word_1_123' title='bbox 829 2355 1128 2449; x_wconf 75' lang='grc' dir='ltr'>προείρητο</span> <span class='ocrx_word' id='word_1_124' title='bbox 1157 2357 1341 2443; x_wconf 74' lang='grc' dir='ltr'>αὐτῷ,</span> <span class='ocrx_word' id='word_1_125' title='bbox 1379 2356 1428 2421; x_wconf 89' lang='grc' dir='ltr'>εἰ</span> <span class='ocrx_word' id='word_1_126' title='bbox 1474 2349 1661 2440; x_wconf 74' lang='grc' dir='ltr'>λύσει,</span> <span class='ocrx_word' id='word_1_127' title='bbox 1706 2352 1899 2443; x_wconf 77' lang='grc' dir='ltr'>ζημία</span> <span class='ocrx_word' id='word_1_128' title='bbox 1924 2352 2041 2443; x_wconf 77' lang='grc' dir='ltr'>μία</span> <span class='ocrx_word' id='word_1_129' title='bbox 2074 2355 2187 2421; x_wconf 76' lang='grc' dir='ltr'>τῶν</span> <span class='ocrx_word' id='word_1_130' title='bbox 2214 2346 2411 2448; x_wconf 81' lang='grc' dir='ltr'>τριῶν·</span> 
     </span>
     <span class='ocr_line' id='line_1_18' title="bbox 173 2462 2420 2567; baseline -0.001 -30"><span class='ocrx_word' id='word_1_131' title='bbox 173 2466 211 2544; x_wconf 73' lang='grc' dir='ltr'><strong><em>ἦ</em></strong></span> <span class='ocrx_word' id='word_1_132' title='bbox 259 2470 375 2565; x_wconf 70' lang='grc' dir='ltr'>γὰρ</span> <span class='ocrx_word' id='word_1_133' title='bbox 424 2464 536 2539; x_wconf 71' lang='grc' dir='ltr'>τῶν</span> <span class='ocrx_word' id='word_1_134' title='bbox 574 2466 892 2567; x_wconf 71' lang='grc' dir='ltr'>ὀφθαλμῶν</span> <span class='ocrx_word' id='word_1_135' title='bbox 935 2470 1106 2539; x_wconf 80' lang='grc' dir='ltr'>αὐτὸν</span> <span class='ocrx_word' id='word_1_136' title='bbox 1143 2468 1263 2539; x_wconf 80' lang='grc' dir='ltr'>ἔδει</span> <span class='ocrx_word' id='word_1_137' title='bbox 1313 2464 1693 2567; x_wconf 82' lang='grc' dir='ltr'>στερηθῆναι,</span> <span class='ocrx_word' id='word_1_138' title='bbox 1739 2466 1780 2544; x_wconf 72' lang='grc' dir='ltr'><strong><em>ἦ</em></strong></span> <span class='ocrx_word' id='word_1_139' title='bbox 1807 2462 1911 2548; x_wconf 79' lang='grc' dir='ltr'>τῆς</span> <span class='ocrx_word' id='word_1_140' title='bbox 1964 2469 2181 2567; x_wconf 77' lang='grc' dir='ltr'>χειρὸς,</span> <span class='ocrx_word' id='word_1_141' title='bbox 2233 2464 2277 2543; x_wconf 68' lang='grc' dir='ltr'><em>ἢ</em></span> <span class='ocrx_word' id='word_1_142' title='bbox 2316 2464 2420 2548; x_wconf 81' lang='grc' dir='ltr'>τῆς</span> 
     </span>
     <span class='ocr_line' id='line_1_19' title="bbox 174 2584 2408 2682; baseline 0.002 -27"><span class='ocrx_word' id='word_1_143' title='bbox 174 2586 440 2681; x_wconf 70' lang='grc' dir='ltr'>γλώττης.</span> <span class='ocrx_word' id='word_1_144' title='bbox 488 2588 626 2660; x_wconf 89' lang='lat' dir='ltr'>Sed</span> <span class='ocrx_word' id='word_1_145' title='bbox 661 2588 837 2660; x_wconf 86' lang='lat' dir='ltr'>tales</span> <span class='ocrx_word' id='word_1_146' title='bbox 867 2589 1217 2660; x_wconf 84' lang='lat' dir='ltr'>cautiones</span> <span class='ocrx_word' id='word_1_147' title='bbox 1255 2611 1459 2682; x_wconf 88' lang='lat' dir='ltr'>quam</span> <span class='ocrx_word' id='word_1_148' title='bbox 1503 2610 1710 2679; x_wconf 85' lang='lat' dir='ltr'>saepe</span> <span class='ocrx_word' id='word_1_149' title='bbox 1736 2586 2087 2675; x_wconf 84' lang='lat' dir='ltr'>adhibitae</span> <span class='ocrx_word' id='word_1_150' title='bbox 2117 2584 2408 2677; x_wconf 89' lang='lat' dir='ltr'>fuerint,</span> 
     </span>
     <span class='ocr_line' id='line_1_20' title="bbox 179 2691 2410 2800; baseline 0 -25"><span class='ocrx_word' id='word_1_151' title='bbox 179 2727 312 2776; x_wconf 89' lang='lat' dir='ltr'>non</span> <span class='ocrx_word' id='word_1_152' title='bbox 359 2702 787 2798; x_wconf 85' lang='lat' dir='ltr'>exploratum</span> <span class='ocrx_word' id='word_1_153' title='bbox 838 2704 1206 2778; x_wconf 82' lang='lat' dir='ltr'>habemus,</span> <span class='ocrx_word' id='word_1_154' title='bbox 1250 2704 1487 2776; x_wconf 90' lang='lat' dir='ltr'>Unum</span> <span class='ocrx_word' id='word_1_155' title='bbox 1517 2703 1698 2800; x_wconf 88' lang='lat' dir='ltr'>quod</span> <span class='ocrx_word' id='word_1_156' title='bbox 1742 2704 2073 2776; x_wconf 90' lang='lat' dir='ltr'>Dodonae</span> <span class='ocrx_word' id='word_1_157' title='bbox 2112 2691 2410 2776; x_wconf 89' lang='lat' dir='ltr'>invene-</span> 
     </span>
     <span class='ocr_line' id='line_1_21' title="bbox 179 2818 2408 2914; baseline 0.001 -24"><span class='ocrx_word' id='word_1_158' title='bbox 179 2831 335 2892; x_wconf 88' lang='lat' dir='ltr'>runt</span> <span class='ocrx_word' id='word_1_159' title='bbox 362 2819 618 2892; x_wconf 86' lang='lat' dir='ltr'>oraculi</span> <span class='ocrx_word' id='word_1_160' title='bbox 658 2818 1333 2914; x_wconf 83' lang='lat' dir='ltr'>responsum³credo</span> <span class='ocrx_word' id='word_1_161' title='bbox 1361 2843 1403 2893; x_wconf 92' lang='lat' dir='ltr'>a</span> <span class='ocrx_word' id='word_1_162' title='bbox 1436 2820 1798 2893; x_wconf 83' lang='lat' dir='ltr'>sacerdote</span> <span class='ocrx_word' id='word_1_163' title='bbox 1829 2831 2186 2894; x_wconf 82' lang='lat' dir='ltr'>exaratum</span> <span class='ocrx_word' id='word_1_164' title='bbox 2216 2844 2408 2913; x_wconf 84' lang='lat' dir='ltr'>esse3</span> 
     </span>
     <span class='ocr_line' id='line_1_22' title="bbox 178 2933 2411 3031; baseline 0.001 -24"><span class='ocrx_word' id='word_1_165' title='bbox 178 2936 584 3031; x_wconf 87' lang='lat' dir='ltr'>ubicumque</span> <span class='ocrx_word' id='word_1_166' title='bbox 640 2960 809 3009; x_wconf 86' lang='lat' dir='ltr'>vero</span> <span class='ocrx_word' id='word_1_167' title='bbox 871 2937 1056 3031; x_wconf 91' lang='lat' dir='ltr'>apud</span> <span class='ocrx_word' id='word_1_168' title='bbox 1117 2943 1436 3009; x_wconf 87' lang='lat' dir='ltr'>auctores</span> <span class='ocrx_word' id='word_1_169' title='bbox 1501 2933 1569 3008; x_wconf 79' lang='lat' dir='ltr'>vi</span> <span class='ocrx_word' id='word_1_170' title='bbox 1628 2936 1743 3009; x_wconf 86' lang='lat' dir='ltr'>vel</span> <span class='ocrx_word' id='word_1_171' title='bbox 1800 2934 1896 3008; x_wconf 72' lang='lat' dir='ltr'>lvi</span> <span class='ocrx_word' id='word_1_172' title='bbox 1945 2935 2246 3009; x_wconf 81' lang='lat' dir='ltr'>saeculi4</span> <span class='ocrx_word' id='word_1_173' title='bbox 2325 2939 2411 3010; x_wconf 88' lang='lat' dir='ltr'>de</span> 
     </span>
     <span class='ocr_line' id='line_1_23' title="bbox 183 3052 2414 3149; baseline 0.002 -26"><span class='ocrx_word' id='word_1_174' title='bbox 183 3053 444 3148; x_wconf 88' lang='lat' dir='ltr'>scriptis</span> <span class='ocrx_word' id='word_1_175' title='bbox 541 3053 896 3149; x_wconf 88' lang='lat' dir='ltr'>responsis</span> <span class='ocrx_word' id='word_1_176' title='bbox 990 3053 1264 3147; x_wconf 86' lang='lat' dir='ltr'>agitur,</span> <span class='ocrx_word' id='word_1_177' title='bbox 1368 3054 1733 3147; x_wconf 87' lang='lat' dir='ltr'>scripsisse</span> <span class='ocrx_word' id='word_1_178' title='bbox 1841 3054 2027 3147; x_wconf 90' lang='lat' dir='ltr'>ipsos</span> <span class='ocrx_word' id='word_1_179' title='bbox 2134 3052 2414 3127; x_wconf 87' lang='lat' dir='ltr'>theoros</span> 
     </span>
     <span class='ocr_line' id='line_1_24' title="bbox 181 3167 2410 3270; baseline 0.002 -30"><span class='ocrx_word' id='word_1_180' title='bbox 181 3167 593 3240; x_wconf 88' lang='lat' dir='ltr'>Pomtowius</span> <span class='ocrx_word' id='word_1_181' title='bbox 663 3168 841 3239; x_wconf 89' lang='lat' dir='ltr'>bene</span> <span class='ocrx_word' id='word_1_182' title='bbox 906 3167 1464 3242; x_wconf 79' lang='lat' dir='ltr'>demonstravit5.</span> <span class='ocrx_word' id='word_1_183' title='bbox 1537 3170 1647 3270; x_wconf 68' lang='lat' dir='ltr'>De.</span> <span class='ocrx_word' id='word_1_184' title='bbox 1698 3170 2126 3243; x_wconf 85' lang='lat' dir='ltr'>sacerdotum</span> <span class='ocrx_word' id='word_1_185' title='bbox 2178 3178 2410 3244; x_wconf 92' lang='lat' dir='ltr'>autem</span> 
     </span>
     <span class='ocr_line' id='line_1_25' title="bbox 185 3284 2407 3380; baseline 0.002 -24"><span class='ocrx_word' id='word_1_186' title='bbox 185 3284 426 3378; x_wconf 81' lang='lat' dir='ltr'>sigillo,</span> <span class='ocrx_word' id='word_1_187' title='bbox 484 3292 758 3380; x_wconf 89' lang='lat' dir='ltr'>praeter</span> <span class='ocrx_word' id='word_1_188' title='bbox 813 3284 1040 3356; x_wconf 89' lang='lat' dir='ltr'>locum</span> <span class='ocrx_word' id='word_1_189' title='bbox 1091 3285 1344 3357; x_wconf 87' lang='lat' dir='ltr'>Suidae</span> <span class='ocrx_word' id='word_1_190' title='bbox 1401 3285 1633 3356; x_wconf 86' lang='lat' dir='ltr'>omnia</span> <span class='ocrx_word' id='word_1_191' title='bbox 1698 3284 2108 3359; x_wconf 87' lang='lat' dir='ltr'>documenta</span> <span class='ocrx_word' id='word_1_192' title='bbox 2163 3287 2407 3380; x_wconf 84' lang='lat' dir='ltr'>silent3</span> 
     </span>
    </p>
   </div>
   <div class='ocr_carea' id='block_1_3' title="bbox 194 3545 2409 4261">
    <p class='ocr_par' dir='ltr' id='par_1_3' title="bbox 263 3545 2299 3626">
     <span class='ocr_line' id='line_1_26' title="bbox 263 3545 2299 3626; baseline 0.001 -20"><span class='ocrx_word' id='word_1_193' title='bbox 263 3547 282 3583; x_wconf 86' lang='lat'>¹</span> <span class='ocrx_word' id='word_1_194' title='bbox 311 3546 521 3619; x_wconf 66' lang='lat' dir='ltr'>Cicer„</span> <span class='ocrx_word' id='word_1_195' title='bbox 548 3546 643 3606; x_wconf 86' lang='lat' dir='ltr'>De</span> <span class='ocrx_word' id='word_1_196' title='bbox 679 3545 1111 3619; x_wconf 78' lang='lat' dir='ltr'>divinatione,</span> <span class='ocrx_word' id='word_1_197' title='bbox 1144 3548 1194 3620; x_wconf 91' lang='grc' dir='ltr'>Ι,</span> <span class='ocrx_word' id='word_1_198' title='bbox 1233 3548 1344 3622; x_wconf 83' lang='grc'>43;</span> <span class='ocrx_word' id='word_1_199' title='bbox 1377 3546 1576 3621; x_wconf 91' lang='lat' dir='ltr'>Plut.,</span> <span class='ocrx_word' id='word_1_200' title='bbox 1614 3547 1799 3623; x_wconf 67' lang='lat' dir='ltr'>Ayise,</span> <span class='ocrx_word' id='word_1_201' title='bbox 1832 3546 1906 3626; x_wconf 70' lang='grc' dir='ltr'>Ως</span> <span class='ocrx_word' id='word_1_202' title='bbox 1942 3548 2205 3622; x_wconf 63' lang='lat' dir='ltr'>Clenna„</span> <span class='ocrx_word' id='word_1_203' title='bbox 2238 3550 2299 3609; x_wconf 88' lang='lat'>7.</span> 
     </span>
    </p>

    <p class='ocr_par' dir='ltr' id='par_1_4' title="bbox 263 3634 797 3711">
     <span class='ocr_line' id='line_1_27' title="bbox 263 3634 797 3711; baseline -0.002 -15"><span class='ocrx_word' id='word_1_204' title='bbox 263 3634 488 3706; x_wconf 81' lang='lat' dir='ltr'>²P1ut.,</span> <span class='ocrx_word' id='word_1_205' title='bbox 519 3636 715 3711; x_wconf 73' lang='lat' dir='ltr'>Ayis,</span> <span class='ocrx_word' id='word_1_206' title='bbox 737 3636 797 3699; x_wconf 89' lang='lat'>9.</span> 
     </span>
    </p>

    <p class='ocr_par' dir='ltr' id='par_1_5' title="bbox 265 3724 831 3795">
     <span class='ocr_line' id='line_1_28' title="bbox 265 3724 831 3795; baseline -0.002 -9"><span class='ocrx_word' id='word_1_207' title='bbox 265 3724 288 3761; x_wconf 71' lang='lat'>3</span> <span class='ocrx_word' id='word_1_208' title='bbox 314 3724 534 3795; x_wconf 84' lang='lat' dir='ltr'>Gollitz,</span> <span class='ocrx_word' id='word_1_209' title='bbox 569 3724 726 3784; x_wconf 85' lang='lat'>1587</span> <span class='ocrx_word' id='word_1_210' title='bbox 757 3726 831 3786; x_wconf 92' lang='grc' dir='ltr'>Β.</span> 
     </span>
    </p>

    <p class='ocr_par' dir='ltr' id='par_1_6' title="bbox 194 3812 2387 3979">
     <span class='ocr_line' id='line_1_29' title="bbox 264 3812 2387 3895; baseline 0.004 -22"><span class='ocrx_word' id='word_1_211' title='bbox 264 3812 286 3849; x_wconf 77' lang='lat'>⁴</span> <span class='ocrx_word' id='word_1_212' title='bbox 315 3812 517 3883; x_wconf 85' lang='lat' dir='ltr'>Aliter,</span> <span class='ocrx_word' id='word_1_213' title='bbox 551 3823 625 3874; x_wconf 84' lang='lat'>11⁰</span> <span class='ocrx_word' id='word_1_214' title='bbox 649 3816 912 3889; x_wconf 87' lang='lat' dir='ltr'>saeculo,</span> <span class='ocrx_word' id='word_1_215' title='bbox 948 3817 1214 3894; x_wconf 85' lang='lat' dir='ltr'>Goropae</span> <span class='ocrx_word' id='word_1_216' title='bbox 1244 3834 1343 3877; x_wconf 85' lang='lat' dir='ltr'>res</span> <span class='ocrx_word' id='word_1_217' title='bbox 1373 3834 1438 3876; x_wconf 89' lang='lat' dir='ltr'>se</span> <span class='ocrx_word' id='word_1_218' title='bbox 1466 3819 1739 3893; x_wconf 84' lang='lat' dir='ltr'>gerebat.</span> <span class='ocrx_word' id='word_1_219' title='bbox 1756 3819 1847 3878; x_wconf 90' lang='lat' dir='ltr'>De</span> <span class='ocrx_word' id='word_1_220' title='bbox 1876 3837 1993 3895; x_wconf 92' lang='lat' dir='ltr'>quo</span> <span class='ocrx_word' id='word_1_221' title='bbox 2020 3820 2229 3881; x_wconf 84' lang='lat' dir='ltr'>videas</span> <span class='ocrx_word' id='word_1_222' title='bbox 2252 3820 2387 3881; x_wconf 88' lang='lat' dir='ltr'>infe·</span> 
     </span>
     <span class='ocr_line' id='line_1_30' title="bbox 194 3901 730 3979; baseline 0 -16"><span class='ocrx_word' id='word_1_223' title='bbox 194 3904 330 3976; x_wconf 73' lang='lat' dir='ltr'>riuS,</span> <span class='ocrx_word' id='word_1_224' title='bbox 355 3922 408 3979; x_wconf 89' lang='lat' dir='ltr'>p.</span> <span class='ocrx_word' id='word_1_225' title='bbox 439 3901 536 3975; x_wconf 88' lang='lat'>89,</span> <span class='ocrx_word' id='word_1_226' title='bbox 577 3922 638 3963; x_wconf 86' lang='lat' dir='ltr'>n.</span> <span class='ocrx_word' id='word_1_227' title='bbox 671 3903 730 3965; x_wconf 89' lang='lat'>3.</span> 
     </span>
    </p>

    <p class='ocr_par' dir='ltr' id='par_1_7' title="bbox 197 3991 2409 4261">
     <span class='ocr_line' id='line_1_31' title="bbox 269 3991 2409 4076; baseline 0.007 -27"><span class='ocrx_word' id='word_1_228' title='bbox 269 3992 474 4051; x_wconf 80' lang='lat' dir='ltr'>⁵Neue</span> <span class='ocrx_word' id='word_1_229' title='bbox 511 3991 946 4067; x_wconf 70' lang='grc' dir='ltr'>Ιαὴνόιῖοὴεν,</span> <span class='ocrx_word' id='word_1_230' title='bbox 993 3995 1281 4055; x_wconf 90' lang='lat' dir='ltr'><strong>CXXVII</strong></span> <span class='ocrx_word' id='word_1_231' title='bbox 1305 3994 1538 4076; x_wconf 87' lang='lat'>(1883),</span> <span class='ocrx_word' id='word_1_232' title='bbox 1576 4016 1635 4075; x_wconf 90' lang='lat' dir='ltr'>p.</span> <span class='ocrx_word' id='word_1_233' title='bbox 1671 3996 1963 4057; x_wconf 72' lang='lat'>3521-353.</span> <span class='ocrx_word' id='word_1_234' title='bbox 1999 4033 2077 4043; x_wconf 88' lang='lat'><strong>—</strong></span> <span class='ocrx_word' id='word_1_235' title='bbox 2116 4000 2409 4063; x_wconf 88' lang='lat' dir='ltr'>Animad-</span> 
     </span>
     <span class='ocr_line' id='line_1_32' title="bbox 197 4082 2409 4165; baseline 0.005 -25"><span class='ocrx_word' id='word_1_236' title='bbox 197 4082 540 4153; x_wconf 74' lang='lat' dir='ltr'>vertendum,</span> <span class='ocrx_word' id='word_1_237' title='bbox 573 4082 625 4141; x_wconf 84' lang='lat' dir='ltr'>si</span> <span class='ocrx_word' id='word_1_238' title='bbox 651 4083 902 4143; x_wconf 86' lang='lat' dir='ltr'>serioris</span> <span class='ocrx_word' id='word_1_239' title='bbox 937 4084 1071 4144; x_wconf 89' lang='lat' dir='ltr'>aevi</span> <span class='ocrx_word' id='word_1_240' title='bbox 1096 4085 1449 4154; x_wconf 87' lang='lat' dir='ltr'>documenta</span> <span class='ocrx_word' id='word_1_241' title='bbox 1481 4088 1752 4146; x_wconf 74' lang='lat' dir='ltr'>echtare</span> <span class='ocrx_word' id='word_1_242' title='bbox 1780 4086 1945 4156; x_wconf 82' lang='lat' dir='ltr'>lieet,</span> <span class='ocrx_word' id='word_1_243' title='bbox 1979 4090 2136 4165; x_wconf 88' lang='lat' dir='ltr'>quod</span> <span class='ocrx_word' id='word_1_244' title='bbox 2168 4090 2409 4152; x_wconf 85' lang='lat' dir='ltr'>Plutar-</span> 
     </span>
     <span class='ocr_line' id='line_1_33' title="bbox 199 4170 2407 4261; baseline 0.005 -32"><span class='ocrx_word' id='word_1_245' title='bbox 199 4172 328 4230; x_wconf 82' lang='lat' dir='ltr'>chus</span> <span class='ocrx_word' id='word_1_246' title='bbox 351 4171 417 4229; x_wconf 90' lang='lat' dir='ltr'>de</span> <span class='ocrx_word' id='word_1_247' title='bbox 437 4171 744 4247; x_wconf 85' lang='lat' dir='ltr'>Delphicis</span> <span class='ocrx_word' id='word_1_248' title='bbox 781 4170 1040 4231; x_wconf 86' lang='lat' dir='ltr'>oraculis</span> <span class='ocrx_word' id='word_1_249' title='bbox 1069 4172 1314 4249; x_wconf 83' lang='lat' dir='ltr'>scripsit</span> <span class='ocrx_word' id='word_1_250' title='bbox 1338 4172 1446 4245; x_wconf 84' lang='lat' dir='ltr'>(de</span> <span class='ocrx_word' id='word_1_251' title='bbox 1481 4175 1677 4251; x_wconf 75' lang='lat' dir='ltr'>Pyck.</span> <span class='ocrx_word' id='word_1_252' title='bbox 1710 4194 1914 4249; x_wconf 61' lang='lat' dir='ltr'>orae„</span> <span class='ocrx_word' id='word_1_253' title='bbox 1948 4178 2063 4253; x_wconf 89' lang='grc'>7).</span> <span class='ocrx_word' id='word_1_254' title='bbox 2104 4176 2193 4237; x_wconf 84' lang='grc' dir='ltr'>καὶ</span> <span class='ocrx_word' id='word_1_255' title='bbox 2223 4174 2329 4261; x_wconf 83' lang='grc' dir='ltr'>γὰρ</span> <span class='ocrx_word' id='word_1_256' title='bbox 2359 4180 2407 4240; x_wconf 83' lang='grc' dir='ltr'>εἷ</span> 
     </span>
    </p>
   </div>
   <div class='ocr_carea' id='block_1_4' title="bbox 200 4257 2405 4432">
    <p class='ocr_par' dir='ltr' id='par_1_8' title="bbox 200 4257 2405 4432">
     <span class='ocr_line' id='line_1_34' title="bbox 200 4257 2405 4347; baseline 0.005 -28"><span class='ocrx_word' id='word_1_257' title='bbox 200 4260 388 4343; x_wconf 79' lang='grc' dir='ltr'>γράφειν</span> <span class='ocrx_word' id='word_1_258' title='bbox 412 4260 532 4330; x_wconf 70' lang='grc' dir='ltr'>ἔδει,</span> <span class='ocrx_word' id='word_1_259' title='bbox 565 4257 642 4339; x_wconf 80' lang='grc' dir='ltr'>μὴ</span> <span class='ocrx_word' id='word_1_260' title='bbox 676 4262 734 4319; x_wconf 71' lang='grc' dir='ltr'>λέ</span> <span class='ocrx_word' id='word_1_261' title='bbox 713 4285 872 4343; x_wconf 79' lang='grc' dir='ltr'>εγειν,</span> <span class='ocrx_word' id='word_1_262' title='bbox 905 4258 1027 4326; x_wconf 84' lang='grc' dir='ltr'>τοὺς</span> <span class='ocrx_word' id='word_1_263' title='bbox 1051 4258 1356 4341; x_wconf 78' lang='grc' dir='ltr'>χρησμοὺς,</span> <span class='ocrx_word' id='word_1_264' title='bbox 1381 4258 1476 4319; x_wconf 82' lang='grc' dir='ltr'>οὐκ</span> <span class='ocrx_word' id='word_1_265' title='bbox 1497 4258 1559 4320; x_wconf 76' lang='grc' dir='ltr'>ἂν</span> <span class='ocrx_word' id='word_1_266' title='bbox 1584 4268 1730 4341; x_wconf 70' lang='grc' dir='ltr'>οἶμαι</span> <span class='ocrx_word' id='word_1_267' title='bbox 1750 4272 1845 4323; x_wconf 76' lang='grc' dir='ltr'>τοῦ</span> <span class='ocrx_word' id='word_1_268' title='bbox 1864 4270 1982 4323; x_wconf 83' lang='grc' dir='ltr'>θεοῦ</span> <span class='ocrx_word' id='word_1_269' title='bbox 2010 4262 2079 4325; x_wconf 76' lang='grc' dir='ltr'>τὰ</span> <span class='ocrx_word' id='word_1_270' title='bbox 2108 4267 2405 4347; x_wconf 78' lang='grc' dir='ltr'>γράμματα</span> 
     </span>
     <span class='ocr_line' id='line_1_35' title="bbox 201 4348 2028 4432; baseline 0.003 -25"><span class='ocrx_word' id='word_1_271' title='bbox 201 4351 456 4427; x_wconf 83' lang='grc' dir='ltr'>νομίζοντες</span> <span class='ocrx_word' id='word_1_272' title='bbox 494 4350 751 4431; x_wconf 81' lang='grc' dir='ltr'>ἐψέγομεν</span> <span class='ocrx_word' id='word_1_273' title='bbox 780 4349 860 4409; x_wconf 81' lang='grc' dir='ltr'>ὅτι</span> <span class='ocrx_word' id='word_1_274' title='bbox 893 4349 1134 4408; x_wconf 78' lang='grc' dir='ltr'>λείπεται</span> <span class='ocrx_word' id='word_1_275' title='bbox 1177 4348 1539 4432; x_wconf 77' lang='grc' dir='ltr'>καλλιγραφίᾳ</span> <span class='ocrx_word' id='word_1_276' title='bbox 1563 4358 1672 4411; x_wconf 86' lang='grc' dir='ltr'>τῶν</span> <span class='ocrx_word' id='word_1_277' title='bbox 1704 4353 2028 4431; x_wconf 77' lang='grc' dir='ltr'>βασιλικῶν.</span> 
     </span>
    </p>
   </div>
  </div>
 </body>
</html>
