2975 5217
1573 456 1657 467 ..
1708 422 1791 484 44
1840 401 1927 469 ζ..-

628 544 972 619 Ἀπόλλωνα
1033 545 1154 616 κτλ.
1235 546 1364 636 (Χ.
1431 544 1546 617 14.
1620 544 1772 638 3)1;
1848 569 1931 617 ex
1986 546 2097 619 his
2163 544 2393 617 verbis
2442 565 2879 636 cognoscere

625 674 820 758 potes
869 682 1070 757 quam
1128 661 1364 733 stricte
1403 662 1844 733 oraculorum
1893 661 2191 733 ministri
2256 661 2331 731 in
2398 658 2875 754 respondendi

625 778 853 851 officio
882 800 1032 850 sese
1071 777 1557 857 continuerint.

723 996 860 1067 Vel
897 996 998 1067 sic
1035 996 1178 1067 illis
1215 997 1493 1093 quidem
1543 998 1707 1071 satis
1738 998 1938 1091 larga
1969 1000 2163 1093 copia
2210 1000 2508 1071 dabatur
2547 998 2876 1095 quicquid

624 1110 958 1183 volebant
985 1113 1400 1206 imperandi,
1441 1115 1653 1207 petita
1687 1137 1823 1188 non
1865 1114 2212 1209 petitaque
2246 1118 2438 1211 quasi
2495 1139 2623 1211 per
2662 1122 2869 1187 satu-

625 1250 772 1299 ram
825 1228 1458 1299 intermiscentibus
1484 1252 1505 1319 3
1562 1252 1700 1301 non
1754 1228 1923 1301 adeo
1995 1242 2226 1304 tamen
2285 1242 2361 1303 ut
2408 1233 2634 1325 primo
2667 1232 2870 1302 iussu

625 1366 898 1437 semper
936 1344 1384 1439 impetrarent
1430 1344 1610 1439 quod
1639 1344 1813 1415 nihil
1842 1346 1932 1429 ad
1972 1369 2119 1417 rem
2151 1347 2557 1441 pertineret.⁸
2596 1347 2865 1419 Grinno

625 1460 1101 1531 'Pheraeorum
1127 1460 1305 1552 regi,
1338 1459 1495 1555 περὶ
1542 1458 1773 1527 ἄλλων
1818 1460 2138 1557 χρωμένῳ,
2190 1473 2428 1534 narrat
2472 1461 2865 1535 Herodotus

629 1578 789 1669 (IV.
853 1575 1020 1673 150)
1052 1575 1499 1669 imperavisse
1531 1576 1853 1670 Pythiam
1882 1588 1958 1649 ut
1985 1578 2059 1646 in
2082 1578 2306 1673 Libya
2333 1578 2671 1649 coloniam
2695 1600 2861 1649 con-

626 1694 848 1765 deret.
879 1691 1061 1775 Quid
1087 1691 1452 1762 Grinnus?
1489 1715 1526 1761 <‹
1557 1692 1709 1783 Ego
1740 1692 2045 1786 quidem,
2081 1693 2451 1780 domine»,
2478 1692 2857 1787 respondit,

633 1836 672 1881 «
724 1811 865 1881 iam
893 1807 1290 1903 provectior
1319 1816 1542 1878 aetate
1570 1830 1721 1878 sum
1754 1816 1822 1879 et
1860 1808 2141 1899 gravis3
2185 1818 2285 1899 tu,
2326 1831 2498 1904 quae
2531 1810 2696 1880 mihi
2724 1811 2864 1879 im-

629 1946 858 2021 peraS,
916 1913 1260 1994 iuyeniori
1309 1923 1574 2016 impera
1634 1947 1704 2015 ³).-
1773 1925 1928 2008 Quo
1989 1924 2199 2013 dicto,
2232 1924 2432 2015 abiit,
2476 1948 2602 1997 nec
2637 1924 2863 1997 divina

629 2044 819 2112 iussa
870 2038 1165 2139 amplius
1217 2039 1511 2109 curavit.
1582 2038 1950 2109 Nonnullis
1999 2040 2205 2111 annis
2256 2041 2657 2131 interiectis,
2713 2062 2860 2111 cum

634 2158 878 2228 Battus
905 2153 1038 2251 περὶ
1083 2158 1280 2249 φωνῆς
1307 2150 1665 2249 χρησόμενος
1694 2155 2049 2226 oraculum
2070 2156 2319 2243 adiret,
2342 2179 2587 2228 rursus
2616 2156 2862 2250 Pythia

581 2343 593 2359 ,
632 2272 720 2344 de
755 2271 1110 2344 condenda
1147 2270 1320 2341 urbe
1349 2271 1771 2341 mentionem
1802 2268 2003 2360 fecit3
2038 2270 2162 2343 sed
2200 2272 2445 2344 Battus
2474 2294 2614 2343 non
2642 2270 2857 2341 minus

633 2409 837 2485 quam
866 2387 1181 2459 Grinnus
1210 2385 1662 2457 reluctantem
1700 2408 1773 2456 se
1795 2385 2191 2479 praebebat,
2220 2385 2498 2459 dicens:
2550 2388 2757 2480 «Ego
2780 2384 2857 2455 de

632 2527 800 2577 voce
822 2499 1264 2575 consulturus
1283 2501 1478 2591 veni3
1517 2510 1587 2571 tu
1619 2500 1789 2571 mihi
1820 2502 1904 2572 de
1930 2502 2081 2573 aliis
2107 2502 2303 2589 dicis,
2339 2488 2514 2598 quae
2542 2502 2857 2597 perficere

637 2598 777 2692 non
812 2642 1137 2714 possum3
1183 2640 1344 2696 nam
1373 2616 1625 2712 quibus
1658 2615 1939 2689 tandem
1985 2616 2251 2689 viribus
2292 2619 2367 2688 in
2388 2618 2612 2713 Libya
2629 2618 2855 2689 civita-

585 2787 590 2795 ·
634 2746 778 2807 tem
806 2734 1142 2806 condam?
1166 2758 1204 2825 ³?
1247 2733 1311 2804 N
1319 2756 1400 2805 ec
1427 2732 1619 2825 prius
1647 2731 1937 2804 deorum
1965 2732 2293 2805 mandata
2312 2734 2639 2829 explevit,
2671 2755 2854 2829 quam
2936 2764 2938 2817 ε

635 2851 1055 2947 pestilentia,
1114 2848 1454 2920 Theraeis
1502 2848 1787 2935 inflicta,
1848 2871 2092 2941 parere
2139 2851 2416 2920 tandem
2472 2857 2847 2941 cogeretur.

634 2968 826 3040 Haec
863 2989 1058 3055 sane,
1101 2964 1347 3054 fateor,
1399 2964 1547 3035 fere
1600 2964 1909 3059 mythica
1966 2974 2153 3036 sunt.
2200 2966 2639 3059 Quapropter
2666 2964 2853 3037 aliam
2936 2952 2938 2967 ⁴

637 3084 998 3155 historiam
1049 3104 1132 3153 ex
1185 3079 1540 3151 Herodoto
1600 3081 1722 3173 (V.
1780 3077 1907 3176 63)
1966 3080 2361 3171 afferamuS,
2402 3104 2542 3152 non
2590 3081 2687 3153 ita
2733 3079 2853 3149 fide
2937 3116 2938 3121 =

638 3199 1058 3272 destitutam.
1110 3195 1678 3285 Alcmaeonidae,
1732 3196 2029 3267 Athenis
2068 3196 2296 3287 eiecti,
2344 3195 2645 3291 Pythiae
2676 3195 2854 3267 donis
2937 3190 2938 3193 ’

638 3325 1136 3410 persuaserunt
1176 3322 1251 3384 ut
1301 3312 1573 3383 iuberet
1619 3312 2195 3384 Lacedaemonios
2238 3312 2555 3385 Athenas
2598 3335 2637 3383 a
2684 3311 2855 3383 Pisi—

640 3429 950 3503 stratidis
983 3429 1238 3500 liberas
1271 3426 1604 3519 reddere3
1640 3438 1707 3499 et
1753 3427 2279 3500 Lacedaemonii
2310 3427 2590 3524 quidem
2617 3450 2855 3523 parue-
2937 3408 2938 3453 ³

641 3556 846 3637 r·unt;
892 3567 1098 3642 quam
1133 3546 1539 3617 cunctanter
1600 3566 1766 3616 vero
1807 3555 1874 3616 et
1922 3544 2237 3640 quotiens
2263 3566 2302 3615 a
2358 3544 2486 3616 deo
2529 3542 2851 3638 increpiti,

639 3687 722 3735 ex
751 3663 922 3756 ipsis
948 3660 1284 3733 Herodoti
1321 3659 1549 3731 verbis
1577 3660 1894 3753 intellegi
1910 3668 2176 3753 potest:
2211 3658 2747 3758 (Ἀλκμαιωνῖὃαι)
2772 3657 2856 3730 τήν

723 3972 744 4007 1
772 3974 937 4043 Quae
968 3973 1208 4048 quidem
1237 3973 1557 4044 sententia,
1592 3974 1707 4032 etsi
1738 3974 1893 4049 apud
1925 3974 2327 4033 recentiorem
2356 3974 2599 4034 demum
2620 3976 2853 4051 scripto·

639 4078 770 4119 rem
799 4079 1110 4138 expressa,
1142 4080 1258 4119 non
1288 4067 1382 4121 est
1409 4080 1520 4120 cur
1544 4081 1578 4121 a
1598 4068 1873 4122 veterum
1903 4063 2283 4138 opinionibus
2319 4063 2683 4123 absentanea
2718 4062 2855 4121 iudi-
2936 4074 2938 4145 ξ

640 4156 834 4211 cetur.
864 4151 1043 4225 Apud
1081 4150 1356 4209 eumdem
1397 4152 1766 4211 Pausaniam
1808 4149 1915 4228 (II.
1951 4152 2014 4213 6.
2057 4149 2147 4231 2),
2198 4164 2313 4209 non
2344 4151 2461 4209 nisi
2502 4152 2854 4227 interrogata
2937 4194 2938 4217 2

638 4238 916 4297 Minerva
953 4240 1194 4314 Epopeo
1222 4239 1456 4314 profert
1485 4256 1552 4297 se
1588 4245 1931 4299 contentam
1961 4256 2091 4299 esse
2120 4240 2343 4316 templo
2366 4240 2525 4316 quod
2541 4240 2644 4299 ille
2673 4236 2854 4297 aedifi-
2937 4254 2938 4283 ὲ

642 4330 908 4385 caverat.
