2975 5217
1542 422 1898 489 ...46-

607 569 946 644 scerent1.
993 570 1133 643 Sed
1161 594 1296 643 non
1327 570 1571 641 desunt
1604 592 1773 664 quos
1797 567 2125 653 oraculis,
2170 569 2287 639 alii
2348 569 2646 663 cuipiam
2695 571 2853 642 edi-

607 689 724 773 tis,
775 687 1058 758 minime
1115 686 1480 758 obstrictos
1534 683 1751 757 fuisse
1800 685 2141 756 videmus.
2200 684 2314 757 Sic
2345 684 2728 780 OlympiaS,
2774 698 2849 759 ut

607 804 946 897 exemplis
971 811 1156 892 utar,
1193 800 1745 875 Atheniensibus
1773 800 2133 872 Dodonam
2165 824 2249 872 ex
2286 802 2565 872 oraculo
2595 804 2845 897 pretio-

607 920 880 991 sissima
915 926 1324 991 ornamenta
1355 918 1618 989 Dionae
1665 916 1834 989 deae
1870 915 2276 1002 ferentibus,
2312 918 2544 989 sinere
2574 918 2843 991 nolebat

605 1043 874 1107 exteros
903 1036 976 1105 in
996 1035 1326 1106 Molossia
1342 1034 1453 1105 vel
1485 1033 1845 1103 minimum
1876 1034 2037 1127 quid
2060 1056 2099 1103 a
2121 1032 2271 1105 loco
2302 1056 2585 1105 movere
2611 1032 2660 1107 ².
2690 1034 2845 1131 Epi-

605 1150 932 1241 damniiS,
955 1174 1126 1245 quos
1147 1150 1464 1245 Thucydi
1479 1150 1601 1219 des
1622 1160 1867 1221 narrat
1886 1150 2265 1221 Corinthiis
2285 1149 2571 1221 iubente
2596 1150 2837 1245 Pythia

604 1268 898 1363 patriam
929 1288 1124 1339 suam
1157 1265 1522 1337 tradidisse
1548 1265 1606 1335 τὸ
1638 1264 1985 1361 χρηστήριον
2016 1265 2348 1354 ὂηλόῦντας,
2383 1268 2839 1339 assentiuntur

608 1384 886 1479 quidem
925 1383 1292 1470 Corinthii,
1323 1384 1420 1453 ita
1459 1404 1629 1453 vero
1680 1392 1755 1452 ut
1810 1384 2001 1453 iussu
2042 1382 2275 1452 divino
2320 1382 2835 1478 haudquaquam

607 1500 900 1595 permoti
929 1500 1294 1570 videantur
1329 1498 1694 1587 ῑνομῖζοντες
1727 1499 1837 1594 οὐχ
1870 1492 2049 1572 ἧσσον
2097 1495 2317 1567 ἑαυτῶν
2354 1493 2505 1565 εἶναι
2546 1498 2647 1573 τήν
2684 1498 2837 1567 ἀποι-

605 1615 744 1685 κίαν
771 1612 812 1689 ἢ
848 1614 1264 1710 Κερκυραίων,
1301 1612 1432 1705 ἅμα
1465 1613 1532 1681 δέ
1558 1615 1719 1704 μίσει
1754 1619 1865 1683 τῶν
1895 1615 2287 1709 Κερκυραίων
2314 1611 2393 1683 ὅτι
2423 1608 2614 1685 αὐτῶν
2652 1642 2836 1711 παρη-

605 1732 807 1821 μέλουν
859 1729 1010 1810 ὅντες
1058 1728 1366 1802 ἄποικοι...
1426 1733 1513 1821 (Ι.
1564 1731 1685 1803 25.
1731 1730 1807 1821 3)
1854 1732 2109 1799 ’πάντων
2146 1724 2241 1798 οὖν
2272 1730 2482 1801 τούτων
2516 1730 2836 1827 ἐγκλήματα

605 1848 829 1947 ἔχοντες
869 1846 917 1916 οἱ
949 1848 1237 1943 Κορίνθιοι
1269 1846 1605 1937 ἔπεμπον...
1637 1844 1871 1937 ἄσμενοι
1900 1848 2001 1921 τήν
2030 1846 2283 1941 ὠφελῖαν
2304 1846 2394 1945 (Ι.
2414 1849 2537 1920 26.
2573 1846 2669 1944 1).
2702 1850 2835 1928 Nec

606 1967 1183 2039 Lacedaemonios
1220 1964 1404 2059 apud
1440 1964 1873 2036 Herodotum
1915 1962 2001 2062 (1.
2034 1962 2323 2060 69-70),
2388 1989 2545 2036 cum
2597 1965 2833 2037 Croeso

606 2082 882 2155 foedere
951 2082 1365 2173 iunguntur,
1448 2080 1814 2176 quicquam
1882 2080 2165 2153 oraculo
2238 2068 2562 2152 tribuisse
2630 2104 2828 2177 appa-

608 2208 713 2271 ret
743 2198 1121 2270 secundum
1141 2198 1320 2292 quod
1343 2196 1929 2285 sollicitabantur,
1962 2198 2085 2268 sed
2105 2197 2329 2291 potius
2350 2198 2651 2291 principi
2682 2220 2831 2291 erga

608 2338 685 2386 se
723 2314 889 2386 olim
917 2314 1246 2384 munifico
1275 2313 1580 2405 gratiam
1619 2312 1881 2384 referre
1931 2314 2279 2401 volebant,
2321 2336 2540 2409 eoque
2578 2314 2828 2407 gaude-

606 2424 773 2503 bant
830 2430 1012 2526 quod
1052 2428 1432 2523 Lydiorum
1467 2450 1592 2498 rex
1656 2429 2147 2499 celeberrimus
2215 2452 2410 2501 suam
2473 2420 2825 2500 'amicitiam

608 2570 776 2640 prae
831 2545 1081 2617 ceteris
1128 2554 1506 2638 aucupatus
1563 2542 1813 2616 essetss.
1874 2544 2230 2640 Numquid
2274 2557 2504 2617 autem
2554 2545 2828 2617 valuerit

690 2794 710 2827 ¹
739 2794 898 2869 CIG,
946 2794 1128 2868 3067,
1165 2798 1204 2856 l.
1258 2794 1333 2853 17
1387 2814 1477 2871 sq.
1510 2818 1525 2854 :
1564 2800 1650 2877 οὓς
1679 2794 1993 2875 (artifices)
2039 2794 2130 2856 καὶ
2163 2794 2270 2855 θεοὶ
2326 2795 2416 2856 καὶ
2454 2797 2715 2877 β[ασιλεῖς
2750 2789 2824 2851 καὶ

553 2877 558 2881 ’
608 2883 802 2950 πάντες
835 2881 1145 2963 ‘'BHk-qm
1189 2893 1444 2963 τιμῶσιν,
1487 2887 1779 2952 δεδωκότες
1806 2888 1908 2963 τήν
1937 2910 1997 2945 τε
2026 2882 2255 2945 ἀσυλίαν
2284 2885 2374 2945 καὶ
2398 2882 2693 2969 ἀσφάλειαν
2718 2889 2825 2941 πᾶσι

607 2971 726 3049 [καὶ
765 2974 1001 3051 πολέμου
1055 2974 1145 3033 καὶ
1197 2972 1448 3057 εἷ]ρήνης
1485 2976 2159 3041 κατακολουθοῦντες
2214 2984 2344 3042 τοῖς
2426 2976 2826 3040 ’Λπόλλωνος

609 3086 648 3143 χ
664 3072 1054 3143 ρησμοῖς.-
1078 3064 1300 3122 Utrum
1320 3065 1509 3122 Demo
1531 3064 1657 3139 ille,
1692 3064 1764 3122 de
1794 3083 1910 3140 quo
1938 3064 2207 3139 loquitur
2231 3064 2447 3123 titulus
2476 3064 2695 3124 atticus
2722 3080 2827 3121 sae-

608 3153 745 3211 culo
771 3159 860 3211 1v⁰
888 3160 1172 3212 exaratus
1201 3152 1529 3233 (Dittenb.‚
1560 3152 1729 3231 368),
1778 3156 2019 3213 domum
2049 3156 2413 3229 hortumque
2458 3154 2677 3229 populo
2705 3158 2826 3209 tunc

608 3242 848 3299 demum
879 3243 1246 3301 concesserit
1295 3249 1609 3318 postquam
1650 3243 1942 3302 edixisset
1984 3242 2210 3319 Pythia
2276 3243 2742 3301 Atheniensibus
2775 3246 2826 3298 ut

607 3330 968 3406 Aesculapio
997 3330 1243 3389 hortum
1265 3336 1324 3389 et
1338 3331 1581 3390 domum
1612 3332 1908 3403 dicarent,
1942 3350 2017 3389 an
2046 3333 2177 3408 ipse
2199 3332 2450 3390 dicanda
2481 3348 2551 3389 ea
2582 3329 2826 3406 pactione

610 3418 769 3476 ultro
825 3419 1114 3477 obtulerit
1161 3425 1227 3478 ut
1249 3421 1533 3479 sacerdos
1566 3421 2058 3492 constitueretur,
2090 3420 2491 3479 Athenienses
2513 3426 2712 3478 autem
2736 3436 2823 3476 ro—

609 3508 890 3583 gaverint
919 3525 1061 3565 num
1099 3507 1370 3567 offerenti
1389 3510 1736 3585 petentique
1760 3509 1939 3569 simul
1968 3527 2200 3568 morem
2238 3524 2456 3585 gerere
2486 3512 2820 3585 praestaret,

609 3614 686 3655 ex
721 3596 850 3672 ipso
903 3594 1080 3654 titulo
1124 3615 1241 3655 non
1280 3598 1665 3658 manifestum
1696 3605 1818 3674 est3
1863 3598 2188 3675 posteriori
2216 3598 2549 3658 sententiae
2592 3598 2823 3655 libenter

609 3703 720 3761 ego
750 3684 1130 3746 accesserim.
1183 3688 1541 3761 Xenophon,
1604 3688 1707 3763 qui
1740 3688 2037 3747 Scillunte
2068 3705 2283 3764 agrum
2303 3705 2368 3747 se
2396 3686 2617 3744 emisse
2644 3689 2824 3743 narrat

609 3774 744 3833 ὅπου
775 3770 976 3846 ἀνεῖλεν
1007 3779 1034 3832 ὸ
1064 3777 1177 3841 θεός
1197 3772 1472 3852 (Anab.‚
1499 3776 1569 3836 V.
1594 3777 1654 3836 3.
1695 3777 1784 3855 8),
1812 3777 1941 3835 sine
1968 3777 2150 3835 dubio
2172 3780 2500 3853 rogaverat
2528 3790 2819 3851 quemnam

610 3882 682 3921 ex
713 3863 1016 3922 nonnullis
1043 3864 1209 3939 agris
1231 3865 1332 3939 qui
1362 3864 1672 3925 fortetunc
1704 3866 1947 3925 venales
1986 3871 2185 3925 essent
2214 3864 2592 3941 potissimum
2624 3864 2820 3922 Dianae

608 3959 860 4011 emeret.

687 4039 712 4074 ²
742 4041 1004 4117 Hyper„
1032 4059 1156 4117 pro
1185 4044 1247 4100 Ε
1251 4045 1605 4119 umenippO,
1642 4046 1679 4119 g
1710 4043 1926 4103 25-26.

689 4127 712 4163 3
739 4128 828 4187 καὶ
855 4128 954 4211 γάρ
977 4153 1115 4197 τινες
1145 4129 1336 4198 αὐτοὺς
1366 4130 1655 4214 εὐεργεσίαι
1674 4127 1818 4213 εἶχον
1842 4134 1904 4192 ἐκ
1927 4135 2161 4215 Κροίσου
2182 4135 2435 4214 πρότερον
2459 4132 2538 4190 ’ἑτι
2559 4137 2811 4210 γεγονυῖαι·

611 4222 816 4277 τούτων
846 4242 906 4277 τε
933 4208 1008 4277 ὧν
1048 4218 1250 4280 εἵνεκεν
1291 4226 1340 4279 οἱ
1367 4224 1789 4301 Λακεδαιμόνιοι
1824 4219 1928 4299 τὴν
1974 4226 2295 4303 συμμαχίην
2340 4220 2607 4295 ἐδέξαντο,
2650 4218 2727 4278 καὶ
2752 4217 2812 4275 ὅτι

615 4307 676 4366 ἐκ
690 4308 908 4367 πάντων
927 4312 1091 4391 σφέας
1137 4316 1423 4391 προκρίνας
1467 4312 1753 4388 Ἑλλήνων
1784 4313 1994 4394 αἱρέετο
2026 4312 2231 4393 φίλους.
