2975 5217
1079 476 1439 542 ...29-

55 619 444 695 Theseus
477 621 582 699 τάς
617 621 897 711 μάντεων
931 620 1132 717 φήμας
1158 620 1434 694 tentare
1459 619 1805 710 debuerit,⁷
1842 624 2073 693 utrum
2088 659 2099 689 .·
2109 620 2374 694 scilieet

65 736 168 807 ad
203 738 368 809 filii
410 737 684 832 culpam
713 736 1297 832 comprobandam
1327 760 1417 809 an
1443 736 1839 819 'addustam
1880 760 2175 833 poenam
2221 746 2373 809 sta-

66 853 510 946 tuendam3
561 853 903 926 interdum
951 853 1139 925 enim
1184 851 1503 925 audimus·
1541 851 1629 925 de
1655 862 1946 949 poenaa
1986 853 2121 927 diis
2148 853 2375 925 consi-

69 968 274 1067 lium
370 973 565 1063 peti:
641 979 750 1042 sat
787 971 927 1059 ‘sit‘
976 991 1366 1041 memorare
1421 991 1601 1063 quae
1664 969 1784 1041 lib.
1848 970 1965 1070 VI¹
2016 980 2170 1065 cap.
2238 970 2378 1044 135

71 1084 528 1159 Herodotus
572 1097 835 1175 narrat,
868 1093 1024 1180 post
1065 1085 1327 1156 Parum
1358 1106 1400 1156 a
1435 1085 1753 1157 Miltiade
1800 1086 2190 1158 lacessitam
2251 1109 2376 1158 ro·

78 1220 337 1302 gasse
387 1212 640 1283 Parios
695 1208 746 1279 εἰ
798 1210 1268 1307 καταχρήσονται
1321 1210 1426 1284 τήν
1487 1207 1837 1305 ὑποζάκορον
1917 1214 2031 1279 τῶν
2090 1216 2233 1280 θεῶν
2300 1209 2391 1290 ὥς

82 1325 580 1421 ἐξηγησαμένην
647 1330 790 1395 τοῖσι
857 1325 1122 1423 ἐχθροῖσι
1198 1331 1300 1404 τῆς
1361 1323 1639 1421 πατρίδος
1695 1322 1945 1413 ἅλωσιν,
1996 1326 2131 1405 ἱνεεΙ
2206 1345 2389 1422 quae

89 1445 312 1515 eirca
373 1441 898 1515 Phemandrum
951 1442 1354 1514 Mantineus
1411 1442 1657 1515 titulus
1723 1442 1963 1515 iubere
2031 1442 2391 1535 videtur¹‚‘

91 1568 229 1631 aut
294 1559 485 1631 circa
543 1542 864 1630 tlieorum
927 1556 1228 1654 aliquem
1306 1558 1590 1629 Polemo
1676 1558 1861 1653 apud
1944 1558 2381 1632 Athenaeum

100 1673 351 1747 refert
366 1672 420 1762 ²,
459 1714 549 1725 -
582 1672 694 1743 vel
728 1670 998 1767 potius3
1027 1696 1203 1767 quae
1234 1673 1434 1744 Plato
1462 1672 1684 1755 ineos
1714 1673 2029 1745 decernit
2058 1674 2393 1769 quicum-⁴

103 1812 258 1883 que
320 1788 646 1865 effossum
706 1787 1115 1860 thesaurum
1191 1787 1590 1868 clanculum
1673 1787 1807 1860 sibi
1880 1792 2383 1883 assumpserint

110 1904 349 2002 (Ley.
367 1960 387 1995 ,
416 1916 486 1999 p.
514 1902 661 1976 914
704 1902 803 2001 Α)
837 1928 854 1973 z
902 1901 1276 1978 δηλωθέντων
1309 1902 1401 1995 δέ,
1430 1902 1469 1978 ἦ
1499 1902 1656 1983 πόλις
1686 1904 1769 1983 εἷς
1801 1904 2059 2000 Δελφοὺς
2084 1903 2377 1995 πεμπέτω·

105 2017 196 2090 ὅτι
235 2016 382 2087 δὀἲν
411 2018 440 2087 ὃ
472 2017 596 2096 θεὸς
624 2018 844 2115 ἀναιρῇ
871 2020 1004 2115 περὶ
1031 2023 1145 2090 τῶν
1175 2020 1501 2119 χρημάτων
1536 2021 1641 2088 καὶ
1680 2025 1777 2091 τοῦ
1815 2020 2178 2110 κινήσαντος,
2235 2026 2386 2093 τοῦτο

111 2135 152 2213 ἦ
203 2133 376 2214 πόλις
421 2130 784 2230 ὑπηρετοῦσα
825 2138 958 2213 ταῖς
1003 2133 1309 2226 μαντείαις
1360 2133 1557 2231 δράτω
1613 2139 1710 2206 τοῦ
1766 2140 1918 2208 θεοῦ.
1958 2138 2172 2223 ‚Quod
2218 2146 2393 2211 vero

121 2252 381 2324 suadet
418 2251 805 2347 Euxenippi
833 2260 1171 2345 patronus
1225 2260 1300 2322 ut
1340 2252 1698 2323 mendacio
1738 2251 2159 2339 abstinuisse
2192 2272 2387 2327 reum‘

119 2376 496 2463 appareat,
536 2407 632 2417 —
661 2365 746 2445 εἷς
799 2366 1058 2463 Δελφούς
1083 2365 1402 2458 πέμψαντα
1438 2368 1729 2437 πυθέσθαι
1780 2368 1948 2466 παροὲ
1985 2373 2080 2439 τοῦ
2128 2374 2251 2461 θεοῦ
2284 2371 2389 2445 τήν

124 2480 584 2565 ἀλήθειαν-4,
619 2506 757 2555 non
780 2484 849 2553 in
879 2484 1118 2578 quavis
1151 2506 1386 2574 eausa,
1412 2493 1606 2579 puto,
1640 2485 1973 2557 suasisset
2010 2505 2025 2554 t
2060 2486 2386 2560 insolenti

125 2599 538 2673 testimonio
573 2606 776 2693 aptus
823 2598 1188 2672 videbatur
1218 2599 1526 2672 insolens
1573 2600 1813 2672 modus
1859 2602 2379 2696 comprobandi.

127 2724 291 2797 Nec
344 2723 513 2797 talia
563 2724 1032 2817 experimenta
1085 2724 1292 2820 quale
1347 2748 1561 2796 unum
1619 2723 1930 2798 referunt
1976 2749 2223 2799 versus
2280 2727 2389 2799 illi

132 2837 513 2934 Sophoclei
542 2835 868 2937 (Anti9.‚
904 2863 972 2913 v.
1006 2836 1155 2910 264
1192 2863 1295 2934 sq.
1309 2843 1387 2932 );
1568 2846 1571 2850 ’

149 3182 158 3189 ·
227 3178 248 3215 ¹
279 3180 463 3251 BGH,
497 3179 647 3240 XVI
677 3178 912 3260 (1892),
952 3197 1014 3256 p.
1060 3180 1198 3249 583,
1233 3179 1278 3241 1.
1314 3164 1391 3239 14
1435 3176 1727 3262 [Μφλὲοι
1760 3178 1874 3261 [δην
1926 3182 2238 3263 χρεοτιριόν
2288 3176 2390 3261 κ[α

142 3269 359 3349 uphir
383 3286 533 3345 quae
560 3270 751 3329 verba
781 3269 865 3329 sie
894 3269 1082 3329 vertit
1109 3269 1452 3330 Homollius
1487 3269 1702 3345 (ibid,
1738 3287 1798 3346 p.
1830 3260 1997 3348 59‘5):
2050 3288 2085 3327 α
2115 3270 2161 3329 il
2200 3270 2391 3330 devra

140 3375 212 3416 ce
256 3375 371 3433 qne
393 3357 642 3417 l’oraole
689 3375 837 3417 aura
863 3359 1167 3435 prononoe
1197 3378 1264 3433 »ς
1315 3356 1392 3416 cf.
1425 3376 1488 3435 p.
1519 3357 1639 3416 582
1672 3377 1689 3417 z
1724 3377 1757 3415 (ι
1802 3357 1861 3417 le
1911 3358 2245 3421 chatiment
2297 3364 2394 3417 est

139 3445 266 3505 fixe
289 3463 423 3521 par
456 3462 587 3505 une
613 3442 913 3505 sentence
940 3446 1165 3506 divine
1211 3452 1272 3505 et
1312 3462 1424 3522 par
1454 3463 1572 3505 une
1610 3452 1895 3507 sentence
1927 3447 2231 3517 humaine,
2256 3464 2389 3522 par

144 3536 214 3593 la
245 3532 464 3595 deesse
492 3538 552 3594 et
581 3551 691 3610 par
713 3534 820 3595 des
841 3539 1026 3613 juges
1055 3554 1117 3595 ν.
1211 3525 1216 3529 ’

223 3620 252 3657 ⁸
280 3622 452 3690 Ath„
486 3641 547 3700 p.
579 3619 701 3681 606
722 3622 830 3681 B:
864 3623 917 3681 ἐν
952 3623 1180 3706 Δελφοῖς
1221 3624 1274 3684 ἐν
1303 3630 1412 3683 τῶν
1441 3622 1689 3683 πινάκων
1715 3623 2031 3701 (Σπινατῶν
2057 3624 2107 3703 2)
2135 3630 2389 3707 θησαυρῷ

143 3712 331 3777 παιδές
351 3710 480 3772 εἰσιν
505 3712 691 3771 λίθινοι
722 3710 906 3787 δύο,
869 3736 944 3771 ων
969 3722 1064 3772 τοῦ
1096 3715 1277 3796 ἑτέρου
1313 3715 1518 3795 Δελφοί
1545 3736 1669 3795 φασι
1698 3721 1809 3772 τῶν
1849 3718 2063 3797 θεωρῶν
2114 3714 2392 3794 ἐπιθυμή-

147 3800 317 3860 σαντά
331 3823 454 3860 τινα
471 3802 1030 3881 σύγκατακλεισθῆναι
1050 3801 1255 3879 καὶτῆς
1270 3802 1485 3883 ὁμιλίας
1504 3798 1743 3882 [μισθὸν]
1764 3804 2080 3863 καταλιπειν
2103 3806 2385 3887 στέφανον.

150 3892 503 3972 Φωραθέντος
573 3887 619 3947 δ’
624 3886 786 3948 αὐτοῦ
854 3890 945 3949 τὸν
1003 3891 1216 3973 θεὸνχ
1175 3893 1557 3975 χρωμένοις
1610 3900 1755 3958 τοῖς
1806 3886 2087 3974 Δελφοις
2138 3890 2390 3961 συνταξαι

151 3975 359 4061 ἀφεῖναι
383 3976 496 4037 τὸν
507 3975 807 4061 ἄνθρωπον·
843 3980 1130 4040 δεδωκέναι
1149 3977 1250 4062 γὰρ
1280 3978 1438 4040 αὐτὸν
1469 3983 1684 4059 μισθόν.

234 4066 260 4103 ⁸
285 4068 376 4127 De
402 4067 652 4127 Timone
683 4068 867 4145 enim,
898 4076 1102 4146 utpote
1127 4071 1379 4131 dearum
1408 4070 1699 4144 antistite,
1735 4071 1810 4130 de
1850 4069 2255 4145 Phemandro,
2282 4050 2401 4146 qui

153 4157 216 4215 in
243 4156 435 4232 ipsam
453 4156 796 4216 Minervam
813 4164 1193 4234 peceaverat,
1219 4159 1293 4218 de
1323 4157 1557 4228 theom,
1592 4160 1696 4235 qui
1725 4159 1852 4220 deis
1873 4159 2072 4219 dicata
2096 4156 2400 4245 quaedam

155 4244 474 4328 polluerat,
505 4245 648 4305 deos
676 4246 994 4323 eonsulere
1023 4246 1317 4306 suadebat
1334 4246 1539 4306 indiou
1566 4264 1782 4323 genus.

235 4332 260 4367 ⁴
287 4333 545 4410 Hyper„
572 4352 699 4411 pro
726 4336 1149 4409 Euxenippo,
1183 4332 1282 4397 15.
