2975 5217
1074 439 1430 504 -47-

95 581 400 653 oraculi
431 582 852 655 verecundia
885 584 973 656 ad
991 582 1432 655 adducendos
1457 583 1889 675 Aiginenses
1925 591 2001 654 ut
2026 581 2381 657 Thebanis

97 696 276 765 κατὰ
294 697 356 767 τὸ
379 698 732 795 χρηστήριον
763 700 1212 795 poscentibus
1241 699 1689 772 Aiacidarum
1719 698 2095 771 simulacra
2140 698 2381 769 mitte-

101 822 282 883 rent
336 814 664 905 (Herod.,
731 818 820 887 V.
868 813 1021 913 80),
1067 816 1182 889 vel
1241 816 1705 887 Athenienses
1758 824 1834 887 ut
1880 814 2275 910 Epidauriis
2304 813 2377 884 in

101 926 416 1001 Damiae
452 931 936 1027 Auxesiaeque
963 942 1226 1005 statuas
1273 932 1497 1005 olivae
1543 931 1813 1024 lignum
1855 929 2378 1025 suppeditarent

107 1044 244 1139 (V.
288 1043 446 1142 82),
482 1070 565 1119 ex
612 1048 964 1119 Herodoto
1001 1072 1142 1120 non
1185 1048 1460 1139 elucet3
1506 1056 1576 1120 at
1619 1047 1861 1119 saltem
1916 1046 2378 1119 Athenienses

103 1184 265 1231 non
311 1163 461 1233 nisi
506 1172 702 1257 pacta
751 1163 1068 1235 mercede
1120 1164 1652 1259 Epidauriorum
1706 1163 1885 1234 votis
1940 1172 2366 1235 annuerunt.

103 1275 452 1368 Eosdem,
491 1303 646 1349 cum
692 1281 1071 1375 Tyrtaeum
1123 1280 1488 1375 Spartanis
1546 1281 1823 1367 misere,
1872 1302 2123 1373 parum
2172 1300 2379 1350 vere-

107 1394 348 1465 cunde
388 1418 556 1488 erga
604 1395 992 1491 Apollinem
1029 1419 1103 1468 se
1145 1396 1475 1489 gessisse,
1521 1396 1702 1489 apud
1739 1396 2163 1467 Pausaniam
2202 1417 2371 1467 nar-

113 1510 391 1599 ratur¹‚
440 1508 534 1582 vli
569 1511 828 1585 saeculi
859 1513 1315 1607 scriptoribus
1355 1521 1431 1584 ut
1467 1512 1748 1584 videtur
1775 1512 1916 1582 iam
1945 1512 2369 1585 innotuerat.

115 1626 486 1701 Interdum
519 1629 726 1699 etiam
762 1628 1143 1713 nonnulliS‚
1175 1651 1216 1700 a
1246 1628 1493 1723 quibus
1512 1637 1797 1723 propter
1818 1627 2173 1699 oraculum
2192 1626 2376 1698 alius

116 1740 382 1835 aliquid
437 1742 703 1829 orabat,
762 1744 1243 1839 obtemperare
1293 1768 1431 1815 non
1475 1744 1669 1840 prius
1716 1744 1942 1814 visum
1982 1751 2113 1831 est,
2163 1764 2373 1837 quam

119 1879 254 1927 suo
309 1859 586 1931 nomine
645 1859 853 1931 deum
887 1883 1132 1931 rursus
1162 1860 1824 1954 interrogavissent.
1872 1858 2375 1932 Testimonium

120 1971 549 2046 luculentum
597 1975 879 2070 praebet
933 1975 1180 2048 titulus
1237 2000 1490 2070 paucos
1518 1985 1680 2047 ante
1721 1998 1940 2048 annos
1970 1975 2377 2067 Magnesiae

127 2099 468 2183 repertuS‚
513 2114 648 2186 quo
676 2091 868 2163 urbis
896 2092 1081 2170 κτίσις
1121 2090 1559 2164 continetur2
1597 2118 1611 2161 ε
1649 2094 2022 2185 Magnetes
2052 2091 2237 2162 enim
2260 2090 2375 2161 hic

125 2206 364 2277 titulus
420 2218 668 2278 narrat
705 2231 746 2279 a
789 2209 1048 2302 Pythia
1095 2208 1255 2279 olim
1305 2210 1624 2280 incitatos
1659 2207 1874 2279 fuisse
1918 2218 1991 2278 ut
2029 2206 2117 2278 ad
2153 2207 2373 2277 Man*

125 2319 380 2417 drolyti
437 2324 640 2395 sedes
680 2325 1289 2417 transmigrarent,
1341 2324 1465 2395 illo
1507 2324 1679 2396 duce
1710 2333 1981 2395 utentes
2002 2323 2148 2414 cui,
2193 2321 2367 2416 ady-

127 2445 248 2506 ton
283 2439 576 2532 egressi,
612 2439 921 2511 omnium
981 2441 1203 2533 primo
1243 2440 1709 2511 occurrissent
1734 2465 1753 2529 3
1802 2438 2149 2532 Leucippo
2202 2460 2373 2508 vero

127 2552 346 2644 primo
383 2556 812 2647 occurrisse3
857 2555 1346 2629 σνναντησοξντων
1384 2554 1447 2623 δὲ
1474 2556 1630 2624 κατά
1653 2555 1712 2624 τὸ
1739 2552 1916 2649 ῥηθέν
1934 2553 2037 2620 καὶ
2080 2553 2183 2627 τήν
2216 2578 2374 2647 συγ-

128 2668 349 2760 γένειαν
407 2670 547 2766 πρὸς
611 2669 703 2740 τὸν
755 2668 1080 2741 Λεύκιππον
1137 2671 1684 2761 ἀνανεωσαμὲνων,
1757 2669 2171 2749 ἐπιδειξάντων
2249 2668 2373 2746 τούς

132 2785 422 2878 χρησμούς
465 2790 712 2869 ἅσμενος
756 2786 1071 2861 ὑπήκουσεν
1118 2787 1144 2855 ὁ
1196 2786 1546 2878 Aeu'mqu,
1586 2786 1767 2877 ὅμως
1832 2786 2061 2876 μέντοι
2122 2814 2196 2880 γε
2250 2787 2372 2851 καὶ

133 2898 330 2981 αὐτὸς
372 2902 780 2999 ἐπηρώτησε
854 2906 1000 2974 κατ’
1071 2902 1268 2972 ἰδίαν
1339 2904 1448 2973 τὸν
1510 2902 1682 2975 θεόν.
1748 2904 1910 2977 Non
1952 2902 2157 2975 aliter
2192 2902 2373 2995 apud

135 3015 548 3091 Herodotum
583 3022 740 3113 (VI.
765 3018 892 3118 35)
922 3020 1308 3093 Miltiadem
1343 3021 1622 3115 Cypseli
1649 3020 1890 3113 filium,
1927 3019 2035 3091 cui
2066 3041 2157 3091 ex
2201 3039 2359 3089 ora-

134 3133 278 3203 culo
301 3134 595 3207 Dolonci
612 3159 906 3228 regnum
935 3136 1378 3224 offerebant3,
1397 3136 1685 3229 Delphis
1708 3144 2152 3230 quaerentem
2176 3134 2372 3205 vide·-

140 3272 278 3320 mus
317 3249 365 3317 εἷ
397 3250 568 3320 ποιέοι
620 3254 798 3349 τοίπερ
846 3252 1019 3322 αὐτοῦ
1045 3250 1095 3321 οἳ
1137 3250 1406 3347 Δόλογκοι
1443 3250 1825 3347 προσεδέοντο.
2006 3246 2016 3255 ’

228 3367 413 3451 Quae
456 3391 632 3440 ‚cum
691 3369 786 3441 ita
843 3370 1008 3455 sint,
1068 3371 1223 3440 fieri
1279 3392 1420 3441 non
1469 3370 1711 3463 potuit,
1763 3368 1823 3439 si
1880 3370 2015 3439 duo
2068 3369 2247 3439 inter
2296 3390 2372 3439 se

139 3479 523 3575 iurgabant,
575 3494 648 3555 ut
702 3485 983 3557 oraculo
1039 3487 1164 3557 uni
1216 3485 1542 3580 privatim
1590 3484 1773 3556 edito
1817 3494 2170 3555 certamen
2220 3486 2372 3554 sine

139 3600 596 3670 controversia
619 3600 1016 3672 tolleretur.
1043 3604 1376 3687 Quotiens
1396 3611 1626 3674 autem
1650 3602 1734 3672 de
1766 3599 2216 3672 altercatione
2247 3624 2370 3695 per

213 3776 230 3809 ¹
259 3779 542 3854 Ἀθηναῖοι
597 3778 652 3837 δὲ
689 3776 937 3861 οὐδέτερα
986 3782 1251 3857 θέλοντες,
1303 3783 1423 3841 οὔτε
1469 3782 1928 3861 Λακεὸανμονίους
1958 3778 2083 3838 ἄνευ
2114 3778 2367 3857 μεγάλων

140 3867 374 3926 κινδύνων
401 3867 644 3949 προσλαὸ
656 3878 729 3926 εἶν
757 3878 946 3951 μοῖραν
975 3878 1083 3929 τῶν
1115 3872 1169 3930 ἐν
1211 3874 1611 3951 Πελοποννήσῳ
1652 3868 1753 3949 τὴν
1790 3868 2039 3953 ἀρίστην,
2070 3870 2191 3928 οὔτε
2220 3867 2369 3928 αὐτοὶ

141 3966 462 4035 παρακοῦσαι
482 3966 576 4016 τοῦ
605 3963 722 4016 θεοῦ
759 3960 880 4021 κτλ.

208 4042 228 4077 ²
254 4046 456 4106 Edidit
489 4053 550 4105 et
569 4048 998 4107 commentario
1028 4049 1324 4107 instruxit
1379 4050 1522 4108 Otto
1558 4049 1751 4125 Kern,
1779 4050 1888 4108 die
1922 4046 2368 4123 Grandunys-

141 4132 482 4203 yesehichte
510 4154 638 4195 von
664 4136 1024 4214 Maynesia
1047 4154 1156 4194 am
1185 4137 1606 4210 Maiandros,
1639 4138 1935 4206 Berolini‚
1986 4134 2161 4197 1894.

211 4228 232 4265 ³
260 4236 304 4289 οἱ
335 4233 390 4291 δὲ
409 4233 676 4313 δεξάμενοι
706 4233 795 4294 καὶ
807 4235 1144 4306 ξεινισθέντες
1172 4232 1261 4291 ὑπ’
1294 4231 1458 4292 αὐτοῦ
1487 4233 1756 4316 ἐξέφαινον
1791 4240 1895 4293 πᾶν
1916 4238 1963 4292 οἱ
1983 4234 2045 4293 τὸ
2081 4236 2363 4313 μαντήιον,

150 4317 453 4400 ἐκφήναντες
473 4324 526 4381 δὲ
558 4324 770 4384 ἐδέοντο
792 4324 958 4384 αὐτοῦ
990 4333 1068 4403 τῷ
1099 4327 1203 4401 θεῷ
1223 4346 1312 4401 μιν
1339 4326 1643 4384 πείθεσθαι.
