2975 5217
1568 450 1922 516 -34-

632 597 877 668 εἰδέναι·
911 595 1242 693 Σωκράτης
1272 593 1334 663 δέ
1361 594 1555 665 πάντα
1582 593 1691 683 μέν
1727 592 1917 687 ἡγεῖτο
1949 590 2104 670 &cotie
2132 590 2347 661 εἰδέναι
2357 647 2376 683 ,
2406 589 2482 662 τοί
2512 590 2573 659 δὲ
2600 586 2916 685 λεγόμενα

631 716 735 786 καί
781 712 1146 813 πραττόμενα
1195 710 1297 781 καὶ
1338 710 1412 782 τοὶ
1457 715 1597 805 σιγῇ
1628 706 2008 801 βουλευόμενα
2044 731 2176 797 -;
2210 708 2449 780 multis
2481 716 2733 801 tamep
2754 705 2912 802 pla-

633 836 855 910 cuisse
875 833 1070 905 illam
1095 830 1517 904 sententiam
1550 827 1661 899 cui
1686 828 2005 899 Socrates
2033 824 2613 922 adstipulabatur,
2651 848 2757 895 ex
2789 824 2909 894 lo-

632 951 733 1025 cis
804 974 943 1024 non
995 948 1229 1043 paucis
1275 946 1502 1019 elucet
1551 968 1723 1041 quos
1782 941 2381 1035 Naegelsbachius
2432 936 2898 1035 congessit³3
2959 969 2960 1027 y

630 1067 999 1164 ipsumque
1073 1065 1279 1137 deum
1361 1061 1682 1136 novimus
1727 1082 1925 1131 suam
1992 1057 2214 1154 ipsius
2288 1056 2650 1131 scientiam
2727 1056 2902 1127 olim

631 1183 1074 1259 testificatum
1101 1203 1281 1271 esse,
1316 1202 1473 1251 cum
1500 1175 1754 1272 legatis
1784 1174 2026 1249 Croesi
2057 1174 2512 1269 responderet
2540 1170 2896 1266 (Herod.‚

631 1304 686 1376 Ι.
731 1299 914 1391 47):

825 1514 960 1590 οἶδα
1013 1517 1191 1614 δ’ἔγοὶ
1215 1518 1460 1610 ψάμμου
1488 1516 1540 1585 τ’
1574 1512 1822 1612 ἀριθμὸν
1848 1512 1950 1581 καὶ
1977 1510 2165 1609 μέτρα
2196 1510 2525 1602 θαλάσσης,

821 1638 926 1706 καὶ
954 1641 1155 1733 κωφοῦ
1183 1632 1424 1725 συνίημι
1453 1630 1557 1701 καί
1581 1632 1643 1701 οὖ
1673 1626 1983 1727 φωνεῦντος
2021 1625 2209 1698 ἀκούω

630 1825 866 1921 Itaque
902 1849 1042 1899 non
1070 1826 1186 1898 diu
1226 1825 1296 1898 in
1327 1825 1459 1899 hoc
1500 1827 1963 1900 haerebimus,

728 2054 1096 2130 Difficilius
1155 2067 1263 2130 est
1301 2068 1609 2130 statuere
1639 2057 1824 2154 quali
1863 2080 2096 2129 rerum
2143 2054 2536 2130 futurarum
2586 2051 2880 2127 scientia

630 2170 906 2264 Graeci,
998 2198 1156 2246 cum
1224 2174 1744 2275 sciscitarentur
1802 2170 1882 2243 ὅτι
1939 2172 2059 2270 χρή
2119 2176 2323 2262 ποιεῖν,
2401 2173 2603 2245 deum
2667 2191 2878 2267 quem

628 2289 970 2381 rogabant
986 2292 1380 2385 praeditum
1407 2314 1561 2364 esse
1582 2290 2034 2380 crediderint.
2405 2272 2411 2281 ’

724 2406 1172 2501 Rogantibus
1207 2432 1374 2481 num
1425 2408 1599 2503 ipsis
1644 2408 1887 2481 liceret
1914 2417 2177 2480 certum
2231 2408 2572 2503 quoddam
2610 2406 2871 2478 bonum

627 2522 973 2618 attingere
1011 2524 1142 2596 iam
1176 2525 1602 2621 respondere
1649 2525 1819 2599 deus
1860 2520 2222 2620 potuisset,
2259 2526 2319 2596 si
2354 2524 2555 2596 modo
2602 2523 2871 2595 futuros

628 2648 918 2712 eventus
962 2640 1319 2731 historica,
1354 2652 1430 2714 ut
1469 2643 1563 2714 ita
1608 2642 1861 2731 dicam,
1900 2643 2193 2715 scientia
2222 2630 2863 2747 praecognovisset,

626 2758 859 2835 nescio
890 2780 1026 2853 quo
1049 2757 1190 2830 fato
1219 2758 1613 2854 dispositos,
1660 2758 1801 2831 Sed
1825 2782 1962 2833 non
1992 2760 2241 2831 desunt
2273 2758 2454 2831 unde
2493 2757 2864 2849 intellegas

625 2872 830 2945 aliam
861 2897 1131 2971 quoque
1158 2873 1581 2965 facultatem,
1624 2873 2023 2948 facultatem
2074 2875 2226 2947 dico
2275 2874 2541 2947 futuros
2580 2880 2863 2946 eventus
2966 2940 2968 2955 ,

627 2976 1065 3084 disponendi,
1106 3012 1147 3062 a
1202 2990 1523 3086 plurimis
1576 2992 1642 3063 ei
1708 2991 2033 3063 tributam
2091 2989 2335 3064 fuisse.
2401 2990 2865 3062 Athenienses
2966 2972 2968 3027 ἶ

626 3106 1020 3180 Herodotus
1067 3114 1340 3196 narrat,
1391 3118 1552 3179 ante
1599 3128 1909 3203 pugnam
1978 3107 2329 3181 Salamine
2396 3108 2858 3188 commissam,
2966 3096 2968 3135 ¹

625 3222 912 3317 Delphis
926 3231 1368 3318 percontatos
1385 3246 1541 3297 esse
1562 3224 1899 3319 quomodo
1915 3224 2268 3297 civitatem
2284 3245 2480 3296 suam
2495 3223 2862 3297 defendere

625 3347 908 3434 possent
932 3336 974 3431 3'
1019 3362 1190 3411 cum·
1250 3364 1417 3412 vero
1483 3340 1741 3437 Pythia
1822 3340 2297 3435 respondisset
2380 3339 2645 3411 nullam
2719 3338 2860 3410 fore
2966 3328 2969 3399 ἶ

627 3455 1112 3543 dimicantibus
1157 3455 1481 3545 salutem,
1518 3459 1854 3530 suadente
1901 3454 2195 3554 quodam
2233 3455 2667 3551 Delphorum
2694 3478 2856 3551 pro·
2965 3458 2968 3571 1

626 3594 891 3661 cerum,
921 3571 1182 3666 adyton
1213 3596 1456 3646 rursus
1494 3574 1798 3669 ingressi
1832 3581 1992 3646 sunt
2027 3572 2366 3669 deumque
2408 3574 2509 3645 sic
2534 3573 2858 3669 adloque-
2966 3574 2968 3635 ἰ

627 3685 882 3759 bantur
941 3686 1266 3779 :='ssvoc{,
1326 3694 1549 3785 χρῆσον
1603 3687 1747 3781 ἡμῖν
1824 3688 2054 3781 ἄμεινόν
2099 3718 2151 3760 τι
2208 3688 2338 3787 περὶ
2390 3694 2493 3770 τῆς
2554 3688 2850 3787 πατρίδος,

627 3800 922 3881 αἰδεσθείς
939 3801 1043 3881 τοὶς
1080 3802 1373 3900 ἱκετηρίας
1405 3804 1588 3874 τάσδε
1618 3807 1721 3885 τοίς
1749 3830 1826 3875 τοι
1857 3802 2071 3896 ἥκομεν
2090 3806 2345 3904 φέροντες
2384 3804 2613 3905 (VIII.
2664 3805 2853 3897 141).

627 3920 805 4002 Quid
835 3943 1001 3993 vero
1025 3924 1051 3991 2
1082 3922 1288 3995 Certe
1321 3947 1459 3995 non
1484 3924 1855 3996 credebant
1882 3947 1923 3995 a
1950 3924 2079 3997 deo
2108 3923 2283 3996 falsa
2299 3945 2425 4019 pro
2452 3924 2636 3995 veris
2661 3932 2854 3995 antea

627 4038 940 4110 nuntiata
987 4060 1195 4123 esse;
1253 4041 1646 4134 poposcisse
1706 4064 1877 4133 ergo
1947 4040 2232 4134 putandi
2284 4049 2444 4111 sunt
2502 4047 2576 4110 ut
2627 4060 2850 4113 rerum
2963 4032 2968 4223 ἲ

627 4150 1020 4225 futurarum
1069 4155 1240 4225 ordo
1278 4156 1350 4227 in
1399 4155 1646 4228 melius
1690 4156 2198 4231 immutaretur.
2228 4155 2421 4228 Idem
2451 4156 2537 4227 de
2575 4155 2852 4228 ducibus
2966 4224 2969 4231 .

702 4344 727 4381 ³
753 4346 1349 4422 Naehhomerische
1379 4346 1746 4430 Τήεοῑορίε,
1768 4373 1829 4432 p.
1865 4350 2074 4415 23:24.
