2975 5217
1606 478 1959 545 -56-

673 622 949 693 nomina
988 622 1301 694 tributim
1350 622 1622 716 dig-esta
1674 623 2114 717 legebantur,
2162 623 2557 696 sollicitudo
2606 626 2902 697 animum

673 736 910 825 subiit,
956 761 1091 809 non
1128 736 1376 809 Niciae
1407 738 1586 825 dicO,
1630 738 1783 809 viro
1815 762 2019 833 quam
2058 739 2356 810 maxime
2396 740 2891 834 superstitiose,

671 853 792 923 sed
822 854 1142 926 omnibus
1167 854 1420 925 divinis
1459 856 1576 949 qui
1617 856 1992 927 exercitum
2033 856 2569 940 comitabantur,
2614 880 2702 927 ne
2732 857 2895 928 forte

668 970 1064 1043 vaticinium
1103 970 1200 1041 nil
1228 972 1522 1065 amplius
1553 970 1761 1045 fausti
1790 972 2276 1066 promitteret¹.
2321 1012 2410 1023 —-
2440 972 2793 1063 Eamdem,
2830 976 2892 1043 ni

663 1084 891 1177 fallor,
929 1098 1232 1160 mentem
1278 1111 1450 1181 erga
1487 1088 1653 1161 deos
1698 1090 2119 1181 suspicacem
2159 1087 2496 1161 formulae
2537 1090 2891 1161 nonnullae

666 1203 970 1295 produnt
1007 1205 1259 1298 quibus
1290 1204 1735 1277 consulentes
1780 1201 2148 1295 κιβδηλᾶτητι
2184 1203 2670 1276 vaticiniorum
2710 1207 2887 1299 quasi

665 1340 1030 1391 occurrere
1073 1320 1419 1392 videntur.
1458 1321 1573 1393 Sic
1603 1320 1931 1393 Dodonae
1978 1321 2258 1415 quidam
2305 1322 2695 1413 interrogat
2737 1344 2884 1391 num

664 1434 795 1527 ipsi
820 1458 1156 1529 prospere
1210 1437 1580 1508 succedere
1634 1436 1852 1530 possit
1903 1436 2389 1515 commercium
2438 1432 2577 1513 ‘0‘qu
2630 1438 2709 1503 κὰ
2763 1434 2886 1525 δοκῇ

665 1552 1012 1623 exercenti
1051 1574 1449 1647 mercesque
1493 1554 1566 1643 τῇ
1612 1579 1692 1618 κα
1738 1549 1877 1643 δοκῇ
1922 1552 2239 1623 evehenti
2280 1552 2587 1647 (Collitz‚
2630 1550 2877 1648 1568);

663 1666 864 1748 alter,
902 1691 1068 1739 num
1099 1667 1418 1761 expediat
1448 1666 1808 1761 negotium
1838 1667 2183 1763 quoddam
2214 1668 2697 1739 commendare
2740 1666 2878 1738 fau—

663 1793 983 1878 toresque
1041 1784 1144 1854 rei
1195 1785 1610 1879 conquirere
1660 1780 1853 1852 ὅντινοί
1912 1812 1993 1849 κα
2068 1781 2265 1878 τρόπον
2294 1782 2599 1885 ,φαίνηται
2676 1782 2877 1873 δόκιμον

669 1899 962 1987 (Collitz‚
1031 1900 1248 1991 1580)
1306 1925 1322 1969 :
1393 1899 1683 1970 incertis
1743 1898 1975 1970 verbis
2050 1898 2337 1982 scilicet,
2407 1920 2582 1992 quae
2650 1921 2876 1991 graece

663 2013 1027 2107 adscripsi,
1079 2022 1370 2108 uterque
1416 2012 1712 2085 forsitan
1757 2036 1924 2084 usus
1968 2014 2055 2083 sit
2096 2024 2171 2083 ut
2217 2013 2301 2083 de
2350 2013 2614 2105 negotii
2644 2036 2875 2107 genere

663 2129 775 2200 vel
803 2130 1006 2200 modo
1029 2130 1538 2202 controversias
1567 2127 1869 2201 vitaret2.

759 2244 1191 2317 Celebratam
1267 2244 1459 2317 illam
1512 2245 2038 2339 ambiguitatem
2109 2267 2151 2315 a
2218 2244 2489 2315 vatibus
2547 2245 2871 2317 interdum

660 2371 1062 2455 usurpatam
1113 2384 1264 2434 esse
1306 2384 1395 2432 ne
1436 2361 1778 2432 vaticiniis
1821 2368 2071 2432 eventa
2120 2359 2487 2431 manifesto
2535 2360 2871 2433 dissentire
2950 2422 2952 2459 r

660 2487 970 2569 possent,
1023 2478 1340 2571 exempla
1389 2478 1561 2550 satis
1610 2479 1831 2550 multa
1886 2475 2339 2572 comprobare
2384 2476 2731 2548 videntur.
2790 2475 2871 2547 De
2950 2518 2952 2584 4

661 2593 940 2665 oraculo
978 2594 1088 2663 cui
1133 2593 1310 2665 male
1344 2594 1645 2665 confisus
1692 2595 1989 2666 Croesus
2044 2594 2118 2662 in
2169 2593 2548 2685 perniciem
2609 2593 2743 2663 ruit
2792 2587 2869 2681 (ἦν

659 2706 1037 2805 στρατεύηται
1063 2708 1157 2777 ἐπὶ
1183 2708 1458 2803 Πέρσας,
1491 2710 1751 2803 μεγάλην
1778 2708 1974 2805 ἀρχήν
2003 2735 2103 2797 μιν
2132 2700 2519 2805 zaraldo-030³
2540 2708 2869 2779 tacendum

660 2826 987 2913 arbitror,
1013 2850 1166 2897 cum
1189 2825 1428 2897 Croesi
1459 2824 2024 2921 Delphorumque
2051 2826 2345 2895 historia
2365 2824 2551 2917 apud
2570 2823 2862 2896 Herodo-
2949 2882 2950 2903 2

663 2953 805 3011 tum
844 2940 1094 3013 fabulis
1116 2940 1509 3012 redundet⁴.
1543 2941 1901 3013 Libentius
1929 2939 2259 3011 historico
2288 2940 2593 3028 credam,
2620 2937 2867 3011 Theba·
2948 2910 2950 2970 ⁴

659 3058 766 3125 nis
797 3078 861 3126 a.
897 3057 1044 3129 506
1065 3056 1476 3149 rogantibus
1508 3057 1844 3152 quomodo
1869 3055 2334 3127 Athenienses
2362 3054 2861 3139 ulciscerentur,

657 3171 1103 3264 respondisse
1148 3172 1480 3267 Pythiam
1538 3198 1575 3242 «
1635 3174 1693 3243 si
1747 3196 1795 3243 a
1834 3170 2274 3267 propinquis
2320 3170 2652 3242 auxilium
2707 3168 2859 3263 peti·
2947 3218 2948 3277 3

734 3370 756 3405 ¹
783 3370 979 3440 Plut„
1009 3372 1256 3443 Nicia-3,
1293 3372 1365 3430 14
1397 3372 1473 3429 ad
1504 3372 1609 3430 fin.
2946 3294 2948 3356 ⁴

734 3458 760 3495 ²
786 3460 953 3519 Idem
983 3460 1414 3535 quadamtenus
1446 3462 1521 3519 de
1549 3460 1686 3519 aliis
1724 3460 2277 3535 percontationibus
2303 3460 2507 3518 valere
2537 3475 2684 3536 quas
2720 3455 2864 3514 modo

653 3547 969 3607 laudabam
1000 3546 1089 3625 (v.
1111 3567 1316 3625 supra,
1348 3568 1406 3625 p.
1434 3549 1535 3619 43,
1569 3568 1628 3610 n.
1652 3547 1905 3627 2),mihi
1935 3566 2051 3607 non
2080 3555 2255 3608 extra
2278 3548 2454 3607 fidem
2488 3546 2646 3607 iacet
2666 3547 2862 3624 (quan-
2944 3554 2946 3561 ²

654 3655 833 3713 quam
879 3655 994 3696 non
1044 3656 1196 3713 nego
1241 3644 1387 3697 tunc
1432 3639 1563 3698 sine
1604 3638 1783 3696 dubio
1826 3637 1888 3696 id
1934 3638 2385 3696 consulentibus
2434 3636 2690 3696 maxime
2724 3631 2862 3692 cordi

651 3726 835 3786 fuisse
860 3732 924 3785 ut
953 3724 1210 3786 aliorum
1240 3724 1547 3785 hominum
1578 3728 1800 3786 malam
1830 3727 2244 3785 curiositatem
2271 3724 2601 3802 fallerent).
2635 3723 2861 3783 Dorieus

653 3815 889 3891 saltem,
918 3816 1022 3892 qui
1049 3822 1142 3875 sat
1164 3821 1573 3893 repugnanter
1602 3814 1912 3875 oraculum
1943 3816 2434 3891 interrogaverat
2447 3814 2653 3892 (Her.,
2679 3814 2749 3871 V.
2772 3810 2857 3880 423
2942 3864 2944 3887 ἶ

653 3904 780 3981 45),
806 3905 1024 3964 timere
1053 3906 1246 3981 potuit
1283 3924 1378 3977 ne,
1427 3906 1545 3964 nisi
1587 3911 1853 3971 caveret.
1891 3904 1952 3962 in
1983 3904 2161 3962 talem
2202 3904 2467 3979 aliquem
2508 3919 2769 3960 errorem
2802 3898 2859 3955 ab

651 3994 810 4051 irato
848 3994 957 4053 deo
986 4001 1271 4069 ageretur
1300 3995 1493 4071 qualis
1516 3994 1630 4053 fuit
1655 4001 1861 4071 postea
1889 4010 2065 4051 error
2084 3992 2545 4052 Atheniensium
2568 3992 2641 4050 de
2664 3986 2857 4049 colonis

650 4082 710 4140 in
733 4082 1035 4142 Siciliam
1064 4083 1375 4143 mittendis
1402 4083 1725 4161 (Pansam,
1753 4084 1919 4143 VIII.
1954 4082 2050 4141 11.
2082 4082 2163 4159 6).

730 4170 754 4205 ³
787 4172 1044 4244 Herod,
1075 4172 1126 4233 Ι.
1154 4171 1273 4247 53;
1308 4171 1384 4232 cf.
1418 4174 1641 4245 Arist„
1669 4173 1957 4242 Rhetor.,
1990 4172 2104 4231 111.
2145 4171 2205 4233 5.

729 4259 754 4295 ⁴
793 4261 882 4322 Gf.
905 4261 1228 4331 Benedikt,
1253 4262 1349 4320 De
1367 4262 1659 4321 oraculis
1692 4262 1772 4320 ab
1797 4262 2129 4320 Herodoto
2159 4262 2696 4330 commemoratis,
2716 4257 2849 4317 Dies·
2940 4258 2942 4263 '

649 4352 922 4421 Bonnae,
959 4348 1139 4422 1871,
1170 4368 1302 4427 cap.
1336 4351 1448 4411 ΙΙΙ.
