2975 5217
1093 422 1448 489 ...83-

81 560 552 638 Herodotus
589 573 833 639 narrat
878 566 1037 658 (VI.
1095 566 1224 663 57)
1270 566 1615 640 editorum
1668 568 2108 641 oraculorum
2152 579 2395 645 custo-

84 677 322 752 diam
393 683 484 755 ad
560 706 771 776 reges
827 683 1273 778 pertinuisse,
1331 694 1402 755 et
1463 684 1761 778 Pythios
1841 710 2110 783 quoque
2175 686 2394 761 fuisse

83 801 469 871 conscios
505 796 862 890 (συνειδέναι
927 796 992 866 δὲ
1045 798 1148 867 καὶ
1194 798 1320 877 τούς
1374 798 1711 896 Πυθίους);
1769 801 1955 875 unde
1992 803 2147 899 quis
2192 800 2398 877 facile

87 912 436 1007 colligat
481 922 758 1009 praeter
793 912 955 985 illos
1011 915 1355 987 neminem
1410 914 1622 986 alium
1679 916 2033 989 conscium
2100 916 2393 1012 fuisse¹3

89 1052 495 1127 nusquam
556 1041 792 1103 tamen
842 1052 1050 1122 reges
1106 1029 1435 1122 Pythiive
1487 1028 1809 1124 ignotum·
1864 1032 2220 1105 oraculum
2272 1044 2397 1107 aut

88 1144 498 1220 oblivione
528 1145 852 1219 obrutum
882 1169 969 1218 ex
995 1166 1256 1217 arcano
1272 1146 1571 1242 quodam
1603 1146 1942 1220 tabulario
1972 1149 2392 1224 excitavisse

95 1276 552 1338 narrantur.
596 1264 892 1336 Athenis
920 1246 1400 1336 Pisistratidas
1433 1264 1511 1334 in
1536 1285 1695 1337 arce
1718 1266 2042 1339 vaticinia
2064 1266 2195 1339 sibi
2226 1268 2393 1341 solis

93 1382 551 1473 servabant,
589 1403 766 1478 quae
793 1390 1031 1475 postea
1059 1380 1462 1455 Cleomenes
1483 1381 1712 1476 rapuit
1740 1380 2081 1480 (Herod.„
2110 1385 2197 1455 V.
2229 1385 2389 1478 90).

101 1498 178 1570 A
209 1522 379 1595 quo
403 1522 570 1572 vero
598 1497 878 1593 tyranni
901 1495 1087 1592 pulsi
1117 1505 1301 1584 sunt,
1340 1495 1519 1569 nulli
1555 1507 1632 1570 ut
1656 1498 1929 1572 videtur
1954 1500 2237 1593 legibus
2262 1501 2395 1577 fuit

101 1638 558 1690 concessum
597 1616 965 1712 quicquam
1017 1614 1198 1711 quod
1240 1616 1330 1687 ad
1375 1615 1669 1688 salutem
1710 1616 2133 1711 reipublicae
2183 1644 2394 1715 spec-

109 1742 338 1805 taret
401 1756 570 1829 prae
633 1733 882 1805 ceteris
962 1732 1318 1825 cognitum
1397 1732 1683 1805 habere.
1742 1734 1957 1813 Quae
2021 1736 2393 1835 Euripides

119 1851 432 1945 scripsit
457 1847 1004 1923 inHeracleidis
1039 1852 1137 1941 (v.
1157 1847 1542 1945 403-405),
1566 1849 1893 1945 mythicis
1912 1850 2094 1925 forte
2125 1863 2393 2011 ternpo-

117 1967 348 2041 ribus
385 1967 634 2041 aetatis
669 1989 832 2039 suae
877 1989 1100 2038 mores
1137 1966 1575 2039 attribuens.

443 2201 732 2271 χρησμων
770 2173 825 2242 δ’
867 2172 1088 2252 ἀοιδους
1120 2174 1347 2252 πάντας
1373 2199 1461 2265 εις
1479 2169 1544 2240 ἕν
1574 2174 1790 2253 ἁλίσας

442 2290 661 2388 ἤλεγξα
693 2291 797 2359 καὶ
832 2290 1054 2382 βὲἓηλα
1077 2290 1180 2359 καὶ
1208 2290 1581 2386 κεκρυμμένα

341 2466 348 2472 .
443 2412 606 2507 λόγια
632 2409 888 2499 παλαιά,
929 2403 1068 2501 τῇδε
1103 2403 1184 2505 γῇ
1211 2408 1474 2505 σωτήρια

14 2701 15 2704 =
139 2655 438 2750 frustra,
480 2670 554 2731 ut
595 2670 786 2755 puto,
834 2681 1261 2755 opponeres3
1304 2680 1464 2730 nam
1515 2668 1582 2730 et
1624 2658 1779 2730 illos
1822 2684 2114 2754 χρησμων
2150 2655 2390 2736 αόιδους

10 2775 19 2860 “,
131 2773 234 2845 de
278 2776 518 2871 quibus
545 2786 749 2869 poeta
765 2775 1075 2870 loquitur
1110 2775 1416 2869 privatos
1466 2772 1687 2845 fuisse
1714 2784 2047 2868 apparet3
2093 2784 2162 2853 et
2215 2799 2390 2870 quae

12 2889 17 3024 ί
142 2916 438 2985 κεκρυμμε
415 2891 518 2959 ἕνα
547 2892 868 2965 dicuntur
897 2892 1246 2983 vaticinia,
1273 2930 1370 2944 -
1398 2890 1528 2962 etsi
1562 2890 1895 2980 βεὸήλοις,
1876 2914 1924 2961 1.
1965 2912 2028 2961 e.
2050 2892 2389 2985 profanis

147 3010 520 3099 contraria,
567 3051 661 3062 —
713 3008 924 3101 vulgo
965 3007 1241 3104 quidem
1292 3008 1521 3078 minus
1580 3018 1742 3077 nota
1786 3006 2004 3079 fuisse
2051 3006 2383 3099 arbitror,

14 3032 21 3203 ί
149 3125 278 3196 sed
312 3150 446 3198 non
477 3150 564 3198 ex
597 3126 756 3220 lege
795 3124 1172 3197 recondita.
1208 3124 1451 3218 Neque
1489 3122 1591 3195 eis
1620 3123 1915 3194 multum
1945 3123 2385 3196 tribuendum

14 3221 19 3351 ξ
149 3252 314 3333 puto
342 3266 516 3337 quae
554 3241 837 3336 praebet
866 3241 1259 3313 Dinarchus
1300 3240 1372 3310 in
1413 3241 1722 3312 oratione
1770 3249 2035 3311 contra
2074 3241 2385 3312 Demos-

16 3358 18 3389 *
149 3356 434 3429 thenem
475 3361 548 3455 (ξ
581 3356 655 3454 9)
701 3382 717 3427 :
769 3356 918 3429 τό...
969 3355 1085 3451 γάρ
1125 3354 1420 3451 συνέδριον
1462 3348 1942 3450 (Areopagum
1991 3356 2379 3449 scilieet)...

16 3414 22 3541 Ῐ
151 3472 537 3554 καταλύεις...
581 3472 608 3542 ὃ
672 3474 935 3569 φυλάττει
989 3472 1092 3551 τοὶς
1151 3470 1513 3567 α’πορρῆτους
1565 3470 1853 3549 διαθήκας
1900 3470 1975 3539 ἐν
2029 3466 2126 3550 αἷς
2176 3472 2252 3542 τὰ
2286 3476 2387 3553 τῆς

18 3614 23 3667 1
71 3656 80 3663 ,
151 3587 357 3671 πόλεως
415 3590 676 3685 σωτήρια
734 3594 918 3659 κεῖται
943 3619 962 3671 3
1021 3612 1208 3679 nam,
1269 3598 1344 3659 ut
1382 3589 1727 3661 incertum
1767 3598 1875 3659 est
1924 3588 2089 3684 quid
2125 3588 2386 3662 suerint

20 3688 22 3767 s
155 3706 308 3779 illae
353 3704 657 3803 ἀπόρρητοι
708 3701 1046 3795 ὃιαθῆκαιὲ,
1091 3708 1187 3777 ita
1239 3727 1279 3776 a
1333 3727 1497 3777 vero
1535 3704 1864 3776 abhorret
1916 3703 2209 3776 verbum
2253 3702 2385 3773 δια-

22 3816 25 3879 ,
757 3831 766 3841 .

237 3958 254 3993 ¹
273 3959 433 4020 Num
482 3979 514 4017 c<
537 3960 912 4037 Pherecydis
940 3956 1114 4037 pellis
1135 3982 1192 4033 n,
1247 3978 1426 4037 quam
1453 3966 1514 4019 et
1539 3962 1734 4035 ipsam
1768 3974 1946 4033 reges
1987 3958 2385 4017 asservabant

164 4044 362 4124 (Plut.‚
412 4048 665 4125 Pelop.⁹
708 4048 835 4128 21),
868 4049 1290 4109 vaticiniorum
1318 4048 1474 4107 liber
1504 4065 1719 4107 revera
1737 4046 1945 4117 fuerit,
1977 4053 2047 4106 ut
2076 4044 2383 4107 nonnullis

165 4137 346 4196 visum
374 4142 490 4208 est,
522 4138 876 4198 addubitare
895 4138 1060 4197 licet.
1162 4196 1166 4199 ,

236 4226 258 4261 ²
281 4228 498 4289 Varias
516 4227 832 4289 doctorum
852 4227 1180 4288 sententias
1198 4224 1478 4283 invenies
1498 4224 1560 4283 in
1584 4224 1873 4284 Lobeckii
1892 4226 1949 4283 A
1958 4219 2381 4300 ylaophamo'‚

167 4335 220 4394 p.
245 4317 535 4389 965-967,
567 4326 628 4381 et
654 4318 986 4380 Maetzneri
1009 4313 1439 4377 commentario
1477 4314 1551 4373 ad
1582 4315 1870 4374 Dinarch.
1902 4315 2027 4388 l.1.‚
2071 4333 2130 4392 p.
2159 4314 2379 4377 93-94.

29 4468 33 4599 ὶ

32 4674 39 4787 ι
