<?xml version="1.0" encoding="UTF-8"?>
<!DOCTYPE html PUBLIC "-//W3C//DTD XHTML 1.0 Transitional//EN"
    "http://www.w3.org/TR/xhtml1/DTD/xhtml1-transitional.dtd">
<html xmlns="http://www.w3.org/1999/xhtml" xml:lang="en" lang="en">
 <head>
  <title>
</title>
<meta http-equiv="Content-Type" content="text/html;charset=utf-8" />
  <meta name='ocr-system' content='tesseract 3.04.00' />
  <meta name='ocr-capabilities' content='ocr_page ocr_carea ocr_par ocr_line ocrx_word'/>
</head>
<body>
  <div class='ocr_page' id='page_1' title='image "./quoanimograecip00legrgoog_0016.png"; bbox 0 0 2975 5217; ppageno 0'>
   <div class='ocr_carea' id='block_1_1' title="bbox 605 494 2889 736">
    <p class='ocr_par' dir='ltr' id='par_1_1' title="bbox 605 494 2889 736">
     <span class='ocr_line' id='line_1_1' title="bbox 1556 494 1867 559; baseline -0.006 -12"><span class='ocrx_word' id='word_1_1' title='bbox 1556 532 1645 547; x_wconf 88' lang='lat'>....</span> <span class='ocrx_word' id='word_1_2' title='bbox 1692 494 1733 559; x_wconf 85' lang='lat'>6</span> <span class='ocrx_word' id='word_1_3' title='bbox 1781 533 1867 545; x_wconf 82' lang='grc'>-</span> 
     </span>
     <span class='ocr_line' id='line_1_2' title="bbox 605 610 2889 736; baseline 0.003 -30"><span class='ocrx_word' id='word_1_4' title='bbox 605 640 798 731; x_wconf 83' lang='lat' dir='ltr'>ravi3</span> <span class='ocrx_word' id='word_1_5' title='bbox 861 639 1064 736; x_wconf 81' lang='lat' dir='ltr'>quam</span> <span class='ocrx_word' id='word_1_6' title='bbox 1111 610 1307 728; x_wconf 81' lang='lat' dir='ltr'>olim,</span> <span class='ocrx_word' id='word_1_7' title='bbox 1385 648 1462 711; x_wconf 91' lang='lat' dir='ltr'>ut</span> <span class='ocrx_word' id='word_1_8' title='bbox 1516 662 1750 734; x_wconf 80' lang='lat' dir='ltr'>spem,</span> <span class='ocrx_word' id='word_1_9' title='bbox 1812 638 2327 711; x_wconf 86' lang='lat' dir='ltr'>commentariis</span> <span class='ocrx_word' id='word_1_10' title='bbox 2384 650 2455 712; x_wconf 92' lang='lat' dir='ltr'>et</span> <span class='ocrx_word' id='word_1_11' title='bbox 2500 640 2889 713; x_wconf 85' lang='lat' dir='ltr'>indicibus</span> 
     </span>
    </p>
   </div>
   <div class='ocr_carea' id='block_1_2' title="bbox 601 754 2893 969">
    <p class='ocr_par' dir='ltr' id='par_1_2' title="bbox 601 754 2893 969">
     <span class='ocr_line' id='line_1_3' title="bbox 601 754 2883 851; baseline 0 -24"><span class='ocrx_word' id='word_1_12' title='bbox 601 759 1012 829; x_wconf 81' lang='lat' dir='ltr'>instructam</span> <span class='ocrx_word' id='word_1_13' title='bbox 1037 754 1294 851; x_wconf 85' lang='lat' dir='ltr'>publici</span> <span class='ocrx_word' id='word_1_14' title='bbox 1326 756 1504 827; x_wconf 90' lang='lat' dir='ltr'>iuris</span> <span class='ocrx_word' id='word_1_15' title='bbox 1542 754 1821 844; x_wconf 88' lang='lat' dir='ltr'>faciam,</span> <span class='ocrx_word' id='word_1_16' title='bbox 1859 778 2043 827; x_wconf 88' lang='lat' dir='ltr'>nunc</span> <span class='ocrx_word' id='word_1_17' title='bbox 2068 778 2237 827; x_wconf 89' lang='lat' dir='ltr'>vero</span> <span class='ocrx_word' id='word_1_18' title='bbox 2268 762 2505 849; x_wconf 86' lang='lat' dir='ltr'>utpote</span> <span class='ocrx_word' id='word_1_19' title='bbox 2536 756 2883 828; x_wconf 90' lang='lat' dir='ltr'>nondum</span> 
     </span>
     <span class='ocr_line' id='line_1_4' title="bbox 602 871 2893 969; baseline -0.001 -24"><span class='ocrx_word' id='word_1_20' title='bbox 602 872 988 945; x_wconf 84' lang='lat' dir='ltr'>absolutam</span> <span class='ocrx_word' id='word_1_21' title='bbox 1017 873 1090 944; x_wconf 89' lang='lat' dir='ltr'>in</span> <span class='ocrx_word' id='word_1_22' title='bbox 1131 872 1388 945; x_wconf 84' lang='lat' dir='ltr'>chartis</span> <span class='ocrx_word' id='word_1_23' title='bbox 1422 872 1600 943; x_wconf 88' lang='lat' dir='ltr'>meis</span> <span class='ocrx_word' id='word_1_24' title='bbox 1634 871 1925 945; x_wconf 84' lang='lat' dir='ltr'>retineo.</span> <span class='ocrx_word' id='word_1_25' title='bbox 1977 872 2214 943; x_wconf 84' lang='lat' dir='ltr'>Liceat</span> <span class='ocrx_word' id='word_1_26' title='bbox 2263 872 2507 945; x_wconf 85' lang='lat' dir='ltr'>saltem</span> <span class='ocrx_word' id='word_1_27' title='bbox 2535 872 2893 969; x_wconf 86' lang='lat' dir='ltr'>profiteri</span> 
     </span>
    </p>
   </div>
   <div class='ocr_carea' id='block_1_3' title="bbox 378 982 2882 1084">
    <p class='ocr_par' dir='ltr' id='par_1_3' title="bbox 378 982 2882 1084">
     <span class='ocr_line' id='line_1_5' title="bbox 378 982 2882 1084; baseline -0.001 -23"><span class='ocrx_word' id='word_1_28' title='bbox 378 982 388 991; x_wconf 71' lang='grc'><strong><em>’</em></strong></span> <span class='ocrx_word' id='word_1_29' title='bbox 487 1002 529 1057; x_wconf 89' lang='lat'>‘.</span> <span class='ocrx_word' id='word_1_30' title='bbox 602 1014 714 1062; x_wconf 91' lang='lat' dir='ltr'>me</span> <span class='ocrx_word' id='word_1_31' title='bbox 741 990 818 1061; x_wconf 87' lang='lat' dir='ltr'>in</span> <span class='ocrx_word' id='word_1_32' title='bbox 842 990 974 1062; x_wconf 92' lang='lat' dir='ltr'>hoc</span> <span class='ocrx_word' id='word_1_33' title='bbox 1014 988 1276 1076; x_wconf 83' lang='lat' dir='ltr'>libello,</span> <span class='ocrx_word' id='word_1_34' title='bbox 1329 988 1743 1084; x_wconf 90' lang='lat' dir='ltr'>ubicumque</span> <span class='ocrx_word' id='word_1_35' title='bbox 1791 987 2155 1060; x_wconf 87' lang='lat' dir='ltr'>affirmabo</span> <span class='ocrx_word' id='word_1_36' title='bbox 2222 987 2516 1061; x_wconf 87' lang='lat' dir='ltr'>alicuius</span> <span class='ocrx_word' id='word_1_37' title='bbox 2562 988 2882 1083; x_wconf 87' lang='lat' dir='ltr'>generis</span> 
     </span>
    </p>
   </div>
   <div class='ocr_carea' id='block_1_4' title="bbox 603 1104 2975 4005">
    <p class='ocr_par' dir='ltr' id='par_1_4' title="bbox 603 1104 2975 4005">
     <span class='ocr_line' id='line_1_6' title="bbox 605 1104 2883 1199; baseline -0 -22"><span class='ocrx_word' id='word_1_38' title='bbox 605 1114 1052 1181; x_wconf 88' lang='lat' dir='ltr'>monumenta</span> <span class='ocrx_word' id='word_1_39' title='bbox 1113 1106 1308 1178; x_wconf 89' lang='lat' dir='ltr'>nulla</span> <span class='ocrx_word' id='word_1_40' title='bbox 1365 1113 1671 1194; x_wconf 85' lang='lat' dir='ltr'>exstare,</span> <span class='ocrx_word' id='word_1_41' title='bbox 1741 1126 1966 1199; x_wconf 90' lang='lat' dir='ltr'>neque</span> <span class='ocrx_word' id='word_1_42' title='bbox 2019 1114 2279 1177; x_wconf 92' lang='lat' dir='ltr'>temere</span> <span class='ocrx_word' id='word_1_43' title='bbox 2336 1104 2883 1179; x_wconf 85' lang='lat' dir='ltr'>affirmaturum</span> 
     </span>
     <span class='ocr_line' id='line_1_7' title="bbox 605 1213 2875 1320; baseline -0.001 -25"><span class='ocrx_word' id='word_1_44' title='bbox 605 1246 831 1320; x_wconf 91' lang='lat' dir='ltr'>neque</span> <span class='ocrx_word' id='word_1_45' title='bbox 864 1232 1144 1295; x_wconf 87' lang='lat' dir='ltr'>auctore</span> <span class='ocrx_word' id='word_1_46' title='bbox 1183 1222 1346 1311; x_wconf 80' lang='lat' dir='ltr'>alio,</span> <span class='ocrx_word' id='word_1_47' title='bbox 1377 1222 1507 1294; x_wconf 88' lang='lat' dir='ltr'>sed</span> <span class='ocrx_word' id='word_1_48' title='bbox 1526 1245 1610 1293; x_wconf 86' lang='lat' dir='ltr'>ex</span> <span class='ocrx_word' id='word_1_49' title='bbox 1642 1221 1815 1293; x_wconf 90' lang='lat' dir='ltr'>meis</span> <span class='ocrx_word' id='word_1_50' title='bbox 1834 1220 2139 1315; x_wconf 90' lang='lat' dir='ltr'>propriis</span> <span class='ocrx_word' id='word_1_51' title='bbox 2167 1213 2875 1316; x_wconf 82' lang='lat' dir='ltr'>investigationibus.</span> 
     </span>
     <span class='ocr_line' id='line_1_8' title="bbox 604 1337 2881 1435; baseline -0.002 -20"><span class='ocrx_word' id='word_1_52' title='bbox 604 1342 712 1415; x_wconf 90' lang='lat' dir='ltr'>De</span> <span class='ocrx_word' id='word_1_53' title='bbox 749 1340 911 1435; x_wconf 90' lang='lat' dir='ltr'>lege</span> <span class='ocrx_word' id='word_1_54' title='bbox 953 1348 1184 1412; x_wconf 89' lang='lat' dir='ltr'>autem</span> <span class='ocrx_word' id='word_1_55' title='bbox 1243 1362 1447 1435; x_wconf 87' lang='lat' dir='ltr'>quam</span> <span class='ocrx_word' id='word_1_56' title='bbox 1499 1340 1573 1409; x_wconf 90' lang='lat' dir='ltr'>in</span> <span class='ocrx_word' id='word_1_57' title='bbox 1615 1337 1958 1433; x_wconf 83' lang='lat' dir='ltr'>eligendis</span> <span class='ocrx_word' id='word_1_58' title='bbox 1999 1338 2330 1433; x_wconf 84' lang='lat' dir='ltr'>exemplis</span> <span class='ocrx_word' id='word_1_59' title='bbox 2376 1348 2656 1412; x_wconf 85' lang='lat' dir='ltr'>secutus</span> <span class='ocrx_word' id='word_1_60' title='bbox 2695 1364 2881 1411; x_wconf 89' lang='lat' dir='ltr'>sum</span> 
     </span>
     <span class='ocr_line' id='line_1_9' title="bbox 606 1454 2881 1555; baseline -0.002 -24"><span class='ocrx_word' id='word_1_61' title='bbox 606 1480 826 1555; x_wconf 87' lang='lat' dir='ltr'>pauca</span> <span class='ocrx_word' id='word_1_62' title='bbox 854 1458 1365 1553; x_wconf 90' lang='lat' dir='ltr'>praemonenda</span> <span class='ocrx_word' id='word_1_63' title='bbox 1383 1455 1729 1555; x_wconf 77' lang='lat' dir='ltr'>videntur.</span> <span class='ocrx_word' id='word_1_64' title='bbox 1757 1454 1943 1529; x_wconf 88' lang='lat' dir='ltr'>Certi</span> <span class='ocrx_word' id='word_1_65' title='bbox 1963 1454 2318 1527; x_wconf 89' lang='lat' dir='ltr'>cuiusdam</span> <span class='ocrx_word' id='word_1_66' title='bbox 2340 1456 2599 1529; x_wconf 88' lang='lat' dir='ltr'>saeculi</span> <span class='ocrx_word' id='word_1_67' title='bbox 2620 1479 2881 1529; x_wconf 83' lang='lat' dir='ltr'>mores</span> 
     </span>
     <span class='ocr_line' id='line_1_10' title="bbox 605 1571 2876 1669; baseline -0.002 -21"><span class='ocrx_word' id='word_1_68' title='bbox 605 1586 673 1649; x_wconf 88' lang='lat' dir='ltr'>et</span> <span class='ocrx_word' id='word_1_69' title='bbox 701 1574 1058 1669; x_wconf 85' lang='lat' dir='ltr'>ingenium</span> <span class='ocrx_word' id='word_1_70' title='bbox 1104 1597 1244 1645; x_wconf 87' lang='lat' dir='ltr'>non</span> <span class='ocrx_word' id='word_1_71' title='bbox 1285 1574 1517 1644; x_wconf 90' lang='lat' dir='ltr'>minus</span> <span class='ocrx_word' id='word_1_72' title='bbox 1559 1571 1799 1667; x_wconf 80' lang='lat' dir='ltr'>exeis</span> <span class='ocrx_word' id='word_1_73' title='bbox 1827 1593 2031 1667; x_wconf 90' lang='lat' dir='ltr'>saepe</span> <span class='ocrx_word' id='word_1_74' title='bbox 2060 1594 2399 1667; x_wconf 89' lang='lat' dir='ltr'>apparere</span> <span class='ocrx_word' id='word_1_75' title='bbox 2448 1595 2624 1668; x_wconf 89' lang='lat' dir='ltr'>quae</span> <span class='ocrx_word' id='word_1_76' title='bbox 2661 1572 2876 1645; x_wconf 87' lang='lat' dir='ltr'>illius</span> 
     </span>
     <span class='ocr_line' id='line_1_11' title="bbox 606 1687 2876 1787; baseline -0.002 -21"><span class='ocrx_word' id='word_1_77' title='bbox 606 1692 864 1766; x_wconf 88' lang='lat' dir='ltr'>saeculi</span> <span class='ocrx_word' id='word_1_78' title='bbox 903 1691 1276 1787; x_wconf 82' lang='lat' dir='ltr'>scriptores</span> <span class='ocrx_word' id='word_1_79' title='bbox 1315 1688 1639 1785; x_wconf 86' lang='lat' dir='ltr'>mythicis</span> <span class='ocrx_word' id='word_1_80' title='bbox 1681 1689 1795 1761; x_wconf 87' lang='lat' dir='ltr'>vel</span> <span class='ocrx_word' id='word_1_81' title='bbox 1854 1687 2029 1760; x_wconf 89' lang='lat' dir='ltr'>fictis</span> <span class='ocrx_word' id='word_1_82' title='bbox 2084 1689 2403 1784; x_wconf 89' lang='lat' dir='ltr'>personis</span> <span class='ocrx_word' id='word_1_83' title='bbox 2448 1688 2876 1761; x_wconf 83' lang='lat' dir='ltr'>affluxerint</span> 
     </span>
     <span class='ocr_line' id='line_1_12' title="bbox 603 1806 2871 1909; baseline -0.002 -26"><span class='ocrx_word' id='word_1_84' title='bbox 603 1832 808 1909; x_wconf 90' lang='lat' dir='ltr'>quam</span> <span class='ocrx_word' id='word_1_85' title='bbox 837 1832 920 1881; x_wconf 88' lang='lat' dir='ltr'>ex</span> <span class='ocrx_word' id='word_1_86' title='bbox 971 1808 1072 1881; x_wconf 89' lang='lat' dir='ltr'>eis</span> <span class='ocrx_word' id='word_1_87' title='bbox 1123 1829 1296 1903; x_wconf 87' lang='lat' dir='ltr'>quae</span> <span class='ocrx_word' id='word_1_88' title='bbox 1343 1806 1631 1903; x_wconf 90' lang='lat' dir='ltr'>quidam</span> <span class='ocrx_word' id='word_1_89' title='bbox 1671 1828 1921 1879; x_wconf 89' lang='lat' dir='ltr'>revera</span> <span class='ocrx_word' id='word_1_90' title='bbox 1958 1814 2125 1878; x_wconf 88' lang='lat' dir='ltr'>tunc</span> <span class='ocrx_word' id='word_1_91' title='bbox 2164 1808 2494 1901; x_wconf 86' lang='lat' dir='ltr'>temporis</span> <span class='ocrx_word' id='word_1_92' title='bbox 2546 1810 2871 1901; x_wconf 83' lang='lat' dir='ltr'>egerint,</span> 
     </span>
     <span class='ocr_line' id='line_1_13' title="bbox 605 1922 2975 2013; baseline -0.001 -15"><span class='ocrx_word' id='word_1_93' title='bbox 605 1926 910 1999; x_wconf 85' lang='lat' dir='ltr'>dixerint</span> <span class='ocrx_word' id='word_1_94' title='bbox 965 1934 1084 1998; x_wconf 88' lang='lat' dir='ltr'>aut</span> <span class='ocrx_word' id='word_1_95' title='bbox 1131 1924 1438 1996; x_wconf 90' lang='lat' dir='ltr'>meditati</span> <span class='ocrx_word' id='word_1_96' title='bbox 1489 1923 1652 2013; x_wconf 84' lang='lat' dir='ltr'>sint,</span> <span class='ocrx_word' id='word_1_97' title='bbox 1713 1922 1978 1995; x_wconf 91' lang='lat' dir='ltr'>nemini</span> <span class='ocrx_word' id='word_1_98' title='bbox 2036 1945 2177 1995; x_wconf 87' lang='lat' dir='ltr'>non</span> <span class='ocrx_word' id='word_1_99' title='bbox 2220 1922 2665 1997; x_wconf 88' lang='lat' dir='ltr'>manifestum</span> <span class='ocrx_word' id='word_1_100' title='bbox 2717 1935 2867 1997; x_wconf 86' lang='lat' dir='ltr'>est.</span> <span class='ocrx_word' id='word_1_101' title='bbox 2974 1981 2975 1984; x_wconf 63' lang='lat'>,</span> 
     </span>
     <span class='ocr_line' id='line_1_14' title="bbox 604 2038 2878 2137; baseline -0.001 -22"><span class='ocrx_word' id='word_1_102' title='bbox 604 2042 769 2115; x_wconf 93' lang='lat' dir='ltr'>Noli</span> <span class='ocrx_word' id='word_1_103' title='bbox 796 2042 1014 2135; x_wconf 87' lang='lat' dir='ltr'>igitur</span> <span class='ocrx_word' id='word_1_104' title='bbox 1050 2041 1292 2113; x_wconf 85' lang='lat' dir='ltr'>mirari</span> <span class='ocrx_word' id='word_1_105' title='bbox 1315 2040 1400 2129; x_wconf 84' lang='lat' dir='ltr'>si,</span> <span class='ocrx_word' id='word_1_106' title='bbox 1450 2039 1641 2113; x_wconf 90' lang='lat' dir='ltr'>inter</span> <span class='ocrx_word' id='word_1_107' title='bbox 1685 2038 2081 2137; x_wconf 85' lang='lat' dir='ltr'>testimonia</span> <span class='ocrx_word' id='word_1_108' title='bbox 2108 2039 2631 2113; x_wconf 88' lang='lat' dir='ltr'>consuetudinis</span> <span class='ocrx_word' id='word_1_109' title='bbox 2674 2064 2878 2137; x_wconf 85' lang='lat' dir='ltr'>quae</span> 
     </span>
     <span class='ocr_line' id='line_1_15' title="bbox 605 2154 2975 2258; baseline -0.001 -29"><span class='ocrx_word' id='word_1_110' title='bbox 605 2176 680 2229; x_wconf 65' lang='grc' dir='ltr'>νο</span> <span class='ocrx_word' id='word_1_111' title='bbox 705 2158 976 2230; x_wconf 89' lang='lat' dir='ltr'>saeculo</span> <span class='ocrx_word' id='word_1_112' title='bbox 1005 2158 1258 2252; x_wconf 87' lang='lat' dir='ltr'>viguit,</span> <span class='ocrx_word' id='word_1_113' title='bbox 1293 2156 1672 2228; x_wconf 91' lang='lat' dir='ltr'>nonnullos</span> <span class='ocrx_word' id='word_1_114' title='bbox 1713 2155 1900 2227; x_wconf 90' lang='lat' dir='ltr'>locos</span> <span class='ocrx_word' id='word_1_115' title='bbox 1938 2154 2154 2228; x_wconf 88' lang='lat' dir='ltr'>affero</span> <span class='ocrx_word' id='word_1_116' title='bbox 2204 2156 2590 2251; x_wconf 89' lang='lat' dir='ltr'>Sophoclis,</span> <span class='ocrx_word' id='word_1_117' title='bbox 2642 2154 2872 2228; x_wconf 80' lang='lat' dir='ltr'>Euri·</span> <span class='ocrx_word' id='word_1_118' title='bbox 2974 2193 2975 2258; x_wconf 71' lang='lat'>3</span> 
     </span>
     <span class='ocr_line' id='line_1_16' title="bbox 605 2263 2975 2370; baseline -0.001 -25"><span class='ocrx_word' id='word_1_119' title='bbox 605 2274 814 2370; x_wconf 77' lang='lat' dir='ltr'>pictis,</span> <span class='ocrx_word' id='word_1_120' title='bbox 857 2272 1349 2370; x_wconf 87' lang='lat' dir='ltr'>Aristophanis</span> <span class='ocrx_word' id='word_1_121' title='bbox 1395 2270 1817 2363; x_wconf 89' lang='lat' dir='ltr'>fabularum,</span> <span class='ocrx_word' id='word_1_122' title='bbox 1871 2270 1989 2342; x_wconf 86' lang='lat' dir='ltr'>vel</span> <span class='ocrx_word' id='word_1_123' title='bbox 2034 2272 2469 2345; x_wconf 89' lang='lat' dir='ltr'>narrationes</span> <span class='ocrx_word' id='word_1_124' title='bbox 2514 2272 2872 2369; x_wconf 83' lang='lat' dir='ltr'>mythicas</span> <span class='ocrx_word' id='word_1_125' title='bbox 2974 2263 2975 2342; x_wconf 64' lang='lat' dir='ltr'><strong>j</strong></span> 
     </span>
     <span class='ocr_line' id='line_1_17' title="bbox 607 2388 2975 2487; baseline -0.002 -23"><span class='ocrx_word' id='word_1_126' title='bbox 607 2414 780 2487; x_wconf 91' lang='lat' dir='ltr'>quas</span> <span class='ocrx_word' id='word_1_127' title='bbox 807 2411 881 2462; x_wconf 84' lang='lat' dir='ltr'>v⁰</span> <span class='ocrx_word' id='word_1_128' title='bbox 921 2390 1195 2463; x_wconf 86' lang='lat' dir='ltr'>saeculo</span> <span class='ocrx_word' id='word_1_129' title='bbox 1231 2389 1551 2483; x_wconf 89' lang='lat' dir='ltr'>vulgatas</span> <span class='ocrx_word' id='word_1_130' title='bbox 1578 2388 1799 2461; x_wconf 85' lang='lat' dir='ltr'>fuisse</span> <span class='ocrx_word' id='word_1_131' title='bbox 1826 2398 2257 2483; x_wconf 88' lang='lat' dir='ltr'>compertum</span> <span class='ocrx_word' id='word_1_132' title='bbox 2296 2399 2402 2462; x_wconf 87' lang='lat' dir='ltr'>est</span> <span class='ocrx_word' id='word_1_133' title='bbox 2435 2399 2553 2462; x_wconf 87' lang='lat' dir='ltr'>aut</span> <span class='ocrx_word' id='word_1_134' title='bbox 2600 2390 2869 2462; x_wconf 88' lang='lat' dir='ltr'>verisi-</span> <span class='ocrx_word' id='word_1_135' title='bbox 2974 2429 2975 2482; x_wconf 73' lang='lat'>1</span> 
     </span>
     <span class='ocr_line' id='line_1_18' title="bbox 605 2499 2975 2602; baseline -0.001 -23"><span class='ocrx_word' id='word_1_136' title='bbox 605 2508 810 2600; x_wconf 85' lang='lat' dir='ltr'>mile3</span> <span class='ocrx_word' id='word_1_137' title='bbox 871 2508 932 2579; x_wconf 88' lang='lat' dir='ltr'>si</span> <span class='ocrx_word' id='word_1_138' title='bbox 987 2508 1505 2595; x_wconf 89' lang='lat' dir='ltr'>historicorum,</span> <span class='ocrx_word' id='word_1_139' title='bbox 1540 2506 1611 2577; x_wconf 89' lang='lat' dir='ltr'>in</span> <span class='ocrx_word' id='word_1_140' title='bbox 1672 2506 1910 2600; x_wconf 90' lang='lat' dir='ltr'>priore</span> <span class='ocrx_word' id='word_1_141' title='bbox 1966 2514 2190 2601; x_wconf 89' lang='lat' dir='ltr'>parte,</span> <span class='ocrx_word' id='word_1_142' title='bbox 2236 2504 2443 2578; x_wconf 89' lang='lat' dir='ltr'>fidem</span> <span class='ocrx_word' id='word_1_143' title='bbox 2507 2528 2862 2602; x_wconf 88' lang='lat' dir='ltr'>nusquam</span> <span class='ocrx_word' id='word_1_144' title='bbox 2974 2499 2975 2504; x_wconf 63' lang='grc'>’</span> 
     </span>
     <span class='ocr_line' id='line_1_19' title="bbox 608 2620 2864 2718; baseline -0 -23"><span class='ocrx_word' id='word_1_145' title='bbox 608 2622 921 2718; x_wconf 86' lang='lat' dir='ltr'>exploro,</span> <span class='ocrx_word' id='word_1_146' title='bbox 959 2622 1075 2695; x_wconf 92' lang='lat' dir='ltr'>ubi</span> <span class='ocrx_word' id='word_1_147' title='bbox 1101 2646 1242 2695; x_wconf 91' lang='lat' dir='ltr'>non</span> <span class='ocrx_word' id='word_1_148' title='bbox 1288 2622 1709 2716; x_wconf 82' lang='lat' dir='ltr'>scriptorum</span> <span class='ocrx_word' id='word_1_149' title='bbox 1755 2620 1958 2711; x_wconf 89' lang='lat' dir='ltr'>fides,</span> <span class='ocrx_word' id='word_1_150' title='bbox 2012 2620 2135 2693; x_wconf 91' lang='lat' dir='ltr'>sed</span> <span class='ocrx_word' id='word_1_151' title='bbox 2182 2631 2375 2694; x_wconf 89' lang='lat' dir='ltr'>aetas</span> <span class='ocrx_word' id='word_1_152' title='bbox 2415 2622 2864 2717; x_wconf 85' lang='lat' dir='ltr'>respicienda</span> 
     </span>
     <span class='ocr_line' id='line_1_20' title="bbox 608 2736 2857 2834; baseline -0.001 -23"><span class='ocrx_word' id='word_1_153' title='bbox 608 2748 738 2811; x_wconf 90' lang='lat' dir='ltr'>est.</span> <span class='ocrx_word' id='word_1_154' title='bbox 782 2740 967 2825; x_wconf 86' lang='lat' dir='ltr'>Quin</span> <span class='ocrx_word' id='word_1_155' title='bbox 1007 2749 1074 2810; x_wconf 88' lang='lat' dir='ltr'>et</span> <span class='ocrx_word' id='word_1_156' title='bbox 1102 2738 1176 2810; x_wconf 91' lang='lat' dir='ltr'>in</span> <span class='ocrx_word' id='word_1_157' title='bbox 1204 2746 1400 2834; x_wconf 80' lang='lat' dir='ltr'>parte</span> <span class='ocrx_word' id='word_1_158' title='bbox 1425 2737 1645 2810; x_wconf 89' lang='lat' dir='ltr'>altera</span> <span class='ocrx_word' id='word_1_159' title='bbox 1690 2736 2041 2808; x_wconf 88' lang='lat' dir='ltr'>interdum</span> <span class='ocrx_word' id='word_1_160' title='bbox 2094 2737 2291 2831; x_wconf 86' lang='lat' dir='ltr'>parvi</span> <span class='ocrx_word' id='word_1_161' title='bbox 2318 2737 2642 2810; x_wconf 89' lang='lat' dir='ltr'>intererit</span> <span class='ocrx_word' id='word_1_162' title='bbox 2682 2761 2857 2809; x_wconf 91' lang='lat' dir='ltr'>num</span> 
     </span>
     <span class='ocr_line' id='line_1_21' title="bbox 608 2853 2860 2951; baseline -0.001 -24"><span class='ocrx_word' id='word_1_163' title='bbox 608 2878 787 2951; x_wconf 92' lang='lat' dir='ltr'>quae</span> <span class='ocrx_word' id='word_1_164' title='bbox 816 2853 1099 2927; x_wconf 86' lang='lat' dir='ltr'>tradunt</span> <span class='ocrx_word' id='word_1_165' title='bbox 1125 2853 1499 2949; x_wconf 90' lang='lat' dir='ltr'>scriptores</span> <span class='ocrx_word' id='word_1_166' title='bbox 1540 2874 1790 2926; x_wconf 87' lang='lat' dir='ltr'>revera</span> <span class='ocrx_word' id='word_1_167' title='bbox 1827 2854 1925 2927; x_wconf 88' lang='lat' dir='ltr'>ita</span> <span class='ocrx_word' id='word_1_168' title='bbox 1963 2853 2357 2943; x_wconf 87' lang='lat' dir='ltr'>evenerint,</span> <span class='ocrx_word' id='word_1_169' title='bbox 2404 2854 2779 2926; x_wconf 90' lang='lat' dir='ltr'>dummodo</span> <span class='ocrx_word' id='word_1_170' title='bbox 2814 2876 2860 2925; x_wconf 89' lang='lat' dir='ltr'>a</span> 
     </span>
     <span class='ocr_line' id='line_1_22' title="bbox 608 2970 2860 3065; baseline -0.001 -22"><span class='ocrx_word' id='word_1_171' title='bbox 608 2970 1076 3045; x_wconf 85' lang='lat' dir='ltr'>referentibus</span> <span class='ocrx_word' id='word_1_172' title='bbox 1107 2970 1423 3043; x_wconf 87' lang='lat' dir='ltr'>evenisse</span> <span class='ocrx_word' id='word_1_173' title='bbox 1453 2970 1828 3043; x_wconf 89' lang='lat' dir='ltr'>credantur</span> <span class='ocrx_word' id='word_1_174' title='bbox 1847 2981 1967 3043; x_wconf 90' lang='lat' dir='ltr'>aut</span> <span class='ocrx_word' id='word_1_175' title='bbox 1994 2970 2279 3043; x_wconf 83' lang='lat' dir='ltr'>evenire</span> <span class='ocrx_word' id='word_1_176' title='bbox 2299 2972 2607 3065; x_wconf 86' lang='lat' dir='ltr'>potuisse</span> <span class='ocrx_word' id='word_1_177' title='bbox 2643 2993 2860 3041; x_wconf 87' lang='lat' dir='ltr'>:cum</span> 
     </span>
     <span class='ocr_line' id='line_1_23' title="bbox 610 3078 2857 3182; baseline -0.003 -21"><span class='ocrx_word' id='word_1_178' title='bbox 610 3088 796 3161; x_wconf 91' lang='lat' dir='ltr'>enim</span> <span class='ocrx_word' id='word_1_179' title='bbox 830 3096 1102 3160; x_wconf 88' lang='lat' dir='ltr'>veteres</span> <span class='ocrx_word' id='word_1_180' title='bbox 1146 3078 1387 3182; x_wconf 87' lang='lat' dir='ltr'>poetae</span> <span class='ocrx_word' id='word_1_181' title='bbox 1427 3094 1496 3159; x_wconf 92' lang='lat' dir='ltr'>et</span> <span class='ocrx_word' id='word_1_182' title='bbox 1536 3087 1853 3158; x_wconf 89' lang='lat' dir='ltr'>historici</span> <span class='ocrx_word' id='word_1_183' title='bbox 1903 3089 1976 3157; x_wconf 91' lang='lat' dir='ltr'>in</span> <span class='ocrx_word' id='word_1_184' title='bbox 2022 3086 2331 3182; x_wconf 84' lang='lat' dir='ltr'>mythica</span> <span class='ocrx_word' id='word_1_185' title='bbox 2387 3095 2694 3181; x_wconf 91' lang='lat' dir='ltr'>tempora</span> <span class='ocrx_word' id='word_1_186' title='bbox 2730 3086 2857 3157; x_wconf 83' lang='lat' dir='ltr'>vel</span> 
     </span>
     <span class='ocr_line' id='line_1_24' title="bbox 609 3202 2862 3305; baseline -0.002 -24"><span class='ocrx_word' id='word_1_187' title='bbox 609 3206 1066 3305; x_wconf 85' lang='lat' dir='ltr'>antiquiorem</span> <span class='ocrx_word' id='word_1_188' title='bbox 1096 3215 1396 3279; x_wconf 87' lang='lat' dir='ltr'>aetatem</span> <span class='ocrx_word' id='word_1_189' title='bbox 1423 3205 1529 3277; x_wconf 89' lang='lat' dir='ltr'>sui</span> <span class='ocrx_word' id='word_1_190' title='bbox 1556 3203 1815 3277; x_wconf 89' lang='lat' dir='ltr'>saeculi</span> <span class='ocrx_word' id='word_1_191' title='bbox 1841 3203 2159 3277; x_wconf 87' lang='lat' dir='ltr'>instituta</span> <span class='ocrx_word' id='word_1_192' title='bbox 2199 3204 2495 3277; x_wconf 89' lang='lat' dir='ltr'>libenter</span> <span class='ocrx_word' id='word_1_193' title='bbox 2549 3202 2862 3278; x_wconf 85' lang='lat' dir='ltr'>transfe-</span> 
     </span>
     <span class='ocr_line' id='line_1_25' title="bbox 609 3319 2853 3417; baseline -0.001 -21"><span class='ocrx_word' id='word_1_194' title='bbox 609 3333 796 3412; x_wconf 87' lang='lat' dir='ltr'>rant,</span> <span class='ocrx_word' id='word_1_195' title='bbox 826 3346 911 3395; x_wconf 86' lang='lat' dir='ltr'>ex</span> <span class='ocrx_word' id='word_1_196' title='bbox 939 3322 1039 3393; x_wconf 87' lang='lat' dir='ltr'>eis</span> <span class='ocrx_word' id='word_1_197' title='bbox 1070 3343 1243 3417; x_wconf 83' lang='lat' dir='ltr'>quae</span> <span class='ocrx_word' id='word_1_198' title='bbox 1286 3320 1393 3417; x_wconf 90' lang='lat' dir='ltr'>(ut</span> <span class='ocrx_word' id='word_1_199' title='bbox 1422 3320 1757 3415; x_wconf 87' lang='lat' dir='ltr'>exemplis</span> <span class='ocrx_word' id='word_1_200' title='bbox 1786 3323 1973 3413; x_wconf 91' lang='lat' dir='ltr'>utar)</span> <span class='ocrx_word' id='word_1_201' title='bbox 2007 3321 2093 3392; x_wconf 91' lang='lat' dir='ltr'>de</span> <span class='ocrx_word' id='word_1_202' title='bbox 2113 3321 2516 3392; x_wconf 88' lang='lat' dir='ltr'>theororum</span> <span class='ocrx_word' id='word_1_203' title='bbox 2546 3319 2823 3393; x_wconf 88' lang='lat' dir='ltr'>delectu</span> <span class='ocrx_word' id='word_1_204' title='bbox 2832 3374 2853 3411; x_wconf 91' lang='lat'><strong><em>,</em></strong></span> 
     </span>
     <span class='ocr_line' id='line_1_26' title="bbox 610 3434 2859 3537; baseline -0.002 -24"><span class='ocrx_word' id='word_1_205' title='bbox 610 3444 696 3514; x_wconf 90' lang='lat' dir='ltr'>de</span> <span class='ocrx_word' id='word_1_206' title='bbox 719 3440 1157 3537; x_wconf 88' lang='lat' dir='ltr'>publicorum</span> <span class='ocrx_word' id='word_1_207' title='bbox 1182 3440 1578 3511; x_wconf 86' lang='lat' dir='ltr'>divinorum</span> <span class='ocrx_word' id='word_1_208' title='bbox 1608 3434 1853 3509; x_wconf 87' lang='lat' dir='ltr'>officiis</span> <span class='ocrx_word' id='word_1_209' title='bbox 1887 3446 1957 3510; x_wconf 92' lang='lat' dir='ltr'>et</span> <span class='ocrx_word' id='word_1_210' title='bbox 1985 3438 2399 3510; x_wconf 87' lang='lat' dir='ltr'>auctoritate</span> <span class='ocrx_word' id='word_1_211' title='bbox 2436 3445 2555 3511; x_wconf 87' lang='lat' dir='ltr'>aut</span> <span class='ocrx_word' id='word_1_212' title='bbox 2574 3438 2859 3531; x_wconf 91' lang='lat' dir='ltr'>fingunt</span> 
     </span>
     <span class='ocr_line' id='line_1_27' title="bbox 609 3554 2857 3650; baseline -0.002 -19"><span class='ocrx_word' id='word_1_213' title='bbox 609 3568 728 3631; x_wconf 86' lang='lat' dir='ltr'>aut</span> <span class='ocrx_word' id='word_1_214' title='bbox 757 3554 1250 3643; x_wconf 87' lang='lat' dir='ltr'>ementiuntur‚</span> <span class='ocrx_word' id='word_1_215' title='bbox 1295 3564 1366 3628; x_wconf 92' lang='lat' dir='ltr'>tu</span> <span class='ocrx_word' id='word_1_216' title='bbox 1396 3556 1837 3650; x_wconf 87' lang='lat' dir='ltr'>aliquatenus</span> <span class='ocrx_word' id='word_1_217' title='bbox 1877 3554 2213 3649; x_wconf 90' lang='lat' dir='ltr'>temporis</span> <span class='ocrx_word' id='word_1_218' title='bbox 2251 3578 2383 3650; x_wconf 93' lang='lat' dir='ltr'>quo</span> <span class='ocrx_word' id='word_1_219' title='bbox 2435 3554 2541 3625; x_wconf 90' lang='lat' dir='ltr'>illi</span> <span class='ocrx_word' id='word_1_220' title='bbox 2589 3556 2857 3628; x_wconf 90' lang='lat' dir='ltr'>scribe-</span> 
     </span>
     <span class='ocr_line' id='line_1_28' title="bbox 609 3671 2858 3767; baseline 0 -22"><span class='ocrx_word' id='word_1_221' title='bbox 609 3676 778 3746; x_wconf 88' lang='lat' dir='ltr'>bant</span> <span class='ocrx_word' id='word_1_222' title='bbox 844 3674 1151 3745; x_wconf 89' lang='lat' dir='ltr'>instituta</span> <span class='ocrx_word' id='word_1_223' title='bbox 1241 3693 1665 3763; x_wconf 84' lang='lat' dir='ltr'>cognoscere</span> <span class='ocrx_word' id='word_1_224' title='bbox 1740 3692 1975 3765; x_wconf 86' lang='lat' dir='ltr'>queas.</span> <span class='ocrx_word' id='word_1_225' title='bbox 2052 3671 2406 3760; x_wconf 87' lang='lat' dir='ltr'>Ceterum,</span> <span class='ocrx_word' id='word_1_226' title='bbox 2490 3672 2858 3767; x_wconf 88' lang='lat' dir='ltr'>quotiens-</span> 
     </span>
     <span class='ocr_line' id='line_1_29' title="bbox 611 3785 2853 3886; baseline -0.002 -21"><span class='ocrx_word' id='word_1_227' title='bbox 611 3812 898 3886; x_wconf 89' lang='lat' dir='ltr'>cumque</span> <span class='ocrx_word' id='word_1_228' title='bbox 924 3789 1178 3875; x_wconf 89' lang='lat' dir='ltr'>licebit,</span> <span class='ocrx_word' id='word_1_229' title='bbox 1203 3788 1622 3860; x_wconf 90' lang='lat' dir='ltr'>testimoniis</span> <span class='ocrx_word' id='word_1_230' title='bbox 1648 3787 2013 3859; x_wconf 87' lang='lat' dir='ltr'>veracibus</span> <span class='ocrx_word' id='word_1_231' title='bbox 2036 3794 2235 3877; x_wconf 83' lang='lat' dir='ltr'>utar3</span> <span class='ocrx_word' id='word_1_232' title='bbox 2265 3785 2507 3859; x_wconf 88' lang='lat' dir='ltr'>titulos</span> <span class='ocrx_word' id='word_1_233' title='bbox 2526 3787 2853 3883; x_wconf 90' lang='lat' dir='ltr'>inprimis</span> 
     </span>
     <span class='ocr_line' id='line_1_30' title="bbox 613 3902 1602 4005; baseline -0.006 -24"><span class='ocrx_word' id='word_1_234' title='bbox 613 3930 816 4005; x_wconf 87' lang='lat' dir='ltr'>quam</span> <span class='ocrx_word' id='word_1_235' title='bbox 857 3905 1194 4001; x_wconf 89' lang='lat' dir='ltr'>plurimos</span> <span class='ocrx_word' id='word_1_236' title='bbox 1223 3902 1602 3999; x_wconf 87' lang='lat' dir='ltr'>proferam.</span> 
     </span>
    </p>
   </div>
   <div class='ocr_carea' id='block_1_5' title="bbox 2970 2359 2975 3507">
    <p class='ocr_par' dir='ltr' id='par_1_5' title="bbox 2970 2359 2975 3507">
     <span class='ocr_line' id='line_1_31' title="bbox 2970 2359 2975 3507; baseline 0 0"><span class='ocrx_word' id='word_1_237' title='bbox 2970 2359 2975 3507; x_wconf 95' lang='lat' dir='ltr'> </span> 
     </span>
    </p>
   </div>
   <div class='ocr_carea' id='block_1_6' title="bbox 1231 4076 2607 4255">
    <p class='ocr_par' dir='ltr' id='par_1_6' title="bbox 1231 4076 2607 4255">
     <span class='ocr_line' id='line_1_32' title="bbox 1231 4076 2607 4167; baseline -0.003 -11"><span class='ocrx_word' id='word_1_238' title='bbox 1231 4076 1583 4157; x_wconf 76' lang='lat' dir='ltr'>Sorih&#39;ebam</span> <span class='ocrx_word' id='word_1_239' title='bbox 1613 4094 1885 4167; x_wconf 78' lang='lat' dir='ltr'>Avarici,</span> <span class='ocrx_word' id='word_1_240' title='bbox 1910 4112 2047 4155; x_wconf 84' lang='lat' dir='ltr'>ann.</span> <span class='ocrx_word' id='word_1_241' title='bbox 2082 4086 2607 4165; x_wconf 80' lang='lat' dir='ltr'>MDcccxovn,</span> 
     </span>
     <span class='ocr_line' id='line_1_33' title="bbox 1644 4191 2249 4255; baseline 0.002 -2"><span class='ocrx_word' id='word_1_242' title='bbox 1644 4212 1701 4255; x_wconf 83' lang='lat' dir='ltr'>a.</span> <span class='ocrx_word' id='word_1_243' title='bbox 1735 4194 1796 4253; x_wconf 76' lang='lat' dir='ltr'>d.</span> <span class='ocrx_word' id='word_1_244' title='bbox 1829 4193 1917 4254; x_wconf 89' lang='lat' dir='ltr'>IV</span> <span class='ocrx_word' id='word_1_245' title='bbox 1947 4191 2087 4253; x_wconf 85' lang='lat' dir='ltr'>Kal.</span> <span class='ocrx_word' id='word_1_246' title='bbox 2120 4192 2249 4255; x_wconf 65' lang='lat' dir='ltr'>Ian.</span> 
     </span>
    </p>
   </div>
  </div>
 </body>
</html>
