2975 5217
907 1209 1675 1297 PROOEMIUM

265 1856 891 1953 Locupletissimae
921 1864 1248 1935 materiae
1278 1884 1486 1957 quam
1523 1864 1805 1955 praebet
1833 1863 2124 1935 historia
2146 1864 2416 1937 divina-

163 1976 412 2063 tioniS,
447 1996 486 2045 a
516 1976 911 2049 doctissimo
940 1977 1609 2073 Bouche-Leclercq
1648 1981 1962 2073 digestae
1999 1989 2067 2051 et
2101 1990 2417 2073 pertrac-

161 2091 428 2179 tatae¹‚
512 2091 836 2185 exiguam
902 2103 1167 2191 partem
1231 2094 1456 2165 denuo
1522 2094 2056 2167 examinandam
2114 2094 2409 2187 suscepi.

161 2210 451 2283 Omisso
504 2209 687 2287 enim
725 2209 1051 2303 quicquid
1097 2210 1186 2279 ad
1231 2210 1402 2281 ritus
1445 2208 1765 2282 fatidicos
1827 2220 2113 2303 spectat,
2168 2210 2281 2281 vel
2332 2210 2418 2281 ad

160 2322 560 2394 illustrium
577 2321 974 2394 divinorum
997 2323 1202 2403 vitas,
1240 2324 1352 2395 vel
1381 2324 1468 2395 ad
1496 2324 1771 2396 illorum
1800 2323 2209 2417 templorum
2239 2345 2418 2417 quae

163 2448 452 2511 veteres
497 2441 747 2527 μαντεῖα
795 2440 1136 2511 vocabant
1183 2440 1560 2533 originem,
1612 2440 1904 2513 annales
1933 2449 2002 2512 et
2029 2439 2419 2511 auctorita-

167 2566 342 2641 tem,
369 2555 447 2624 in
474 2554 705 2647 priore
735 2564 930 2647 parte
950 2555 1154 2627 buius
1184 2554 1815 2651 disputatiunculae
1834 2557 1906 2626 id
1935 2565 2203 2627 tantum
2232 2566 2419 2626 trac-

167 2669 363 2760 tabo,
390 2692 526 2763 quo
562 2669 792 2741 animo
842 2671 1096 2742 Graeci
1137 2672 1549 2765 praesertim
1586 2691 1656 2741 νο
1687 2681 1755 2743 et
1784 2691 1887 2743 1v⁰
1919 2669 2214 2743 saeculis
2235 2670 2417 2762 divi·-

169 2785 458 2857 natione
472 2786 575 2857 usi
594 2786 762 2858 sint:
782 2788 1131 2882 inquiram
1152 2788 1409 2860 scilicet
1430 2789 1597 2883 quid
1617 2774 1957 2859 commodi
1980 2787 2417 2859 consulentes

167 2902 310 2972 sibi
340 2902 777 2995 speraverint
803 2930 820 2989 3
842 2903 1182 2999 quomodo
1213 2914 1447 2999 aptum
1477 2903 1957 2998 respondendo
1979 2903 2181 2975 deum
2207 2926 2413 2997 quem

166 3016 705 3107 interrogabant
767 3016 902 3087 sibi
955 3016 1332 3109 finxerint3
1385 3019 1548 3113 quid
1592 3017 1902 3091 conferat
1972 3017 2415 3089 divinationis

168 3130 468 3202 historia
525 3132 614 3202 ad
672 3132 991 3225 pietatem
1049 3143 1232 3205 recte
1270 3134 1777 3207 aestimandam
1824 3157 2031 3229 quam
2079 3132 2415 3204 adversus

169 3251 342 3345 deos
373 3250 622 3321 Graeci
657 3251 1100 3341 exercebant,
1147 3252 1262 3323 vel
1291 3250 1701 3346 disciplinae
1743 3251 2029 3324 moralis
2073 3260 2410 3347 quaute-

170 3366 434 3463 bantur
457 3365 890 3437 sanctitatem
911 3388 1135 3462 aeque
1160 3365 1720 3461 perpendendam
1748 3392 1767 3457 3
1801 3392 1937 3463 quo
1961 3366 2114 3436 fieri
2134 3366 2411 3437 tandem

172 3481 478 3575 potuerit
531 3489 606 3551 ut
651 3481 904 3553 divinis
951 3484 1525 3579 oraculorumque
1583 3483 1925 3554 ministris
1967 3482 2218 3575 vulgus
2276 3473 2414 3553 tam

171 3597 294 3667 diu
323 3596 664 3668 crederet.
697 3598 778 3667 In
814 3597 1034 3670 altera
1043 3592 1262 3693 parte
1286 3600 1633 3691 indagabo
1663 3582 2048 3696 quatenus
2031 3621 2103 3667 1n
2126 3597 2417 3691 publicis

175 3712 388 3784 rebus
423 3735 591 3783 usus
622 3714 1068 3786 divinationis
1109 3713 1286 3786 mala
1322 3714 1484 3803 fide,
1536 3712 1912 3786 factionum
1958 3714 2414 3786 civitatumve

177 3829 670 3921 simultatibus,
701 3805 1069 3925 aliquando
1097 3841 1464 3928 corruptus
1513 3830 1742 3903 fuerit.
2400 3907 2403 3913 ,

277 3947 616 4019 Locorum
645 3946 732 4018 ad
765 3970 912 4018 rem
947 3950 1400 4041 spectantium
1450 3970 1536 4018 ex
1579 3948 1810 4019 multis
1848 3948 2069 4020 titulis
2110 3948 2418 4041 scripto-

182 4086 478 4157 rumque
518 4071 828 4135 veterum
877 4064 1202 4156 operibus
1257 4064 1605 4157 copiosam
1662 4086 2071 4159 synagogen
2129 4086 2415 4156 compa-

187 4372 220 4431 1
259 4286 277 4321 ¹
315 4287 606 4345 Histoire
640 4287 718 4345 de
765 4288 832 4347 Ia
871 4286 1244 4346 dz'vination
1275 4288 1443 4345 dans
1486 4284 1881 4364 l'antiquite'‚
1910 4288 2117 4359 Paris,
2151 4288 2417 4362 Leroux,

225 4374 553 4435 879-1882.

309 4510 356 4548 1..
2209 4494 2235 4543 1
