2975 5217
1568 418 1919 485 -60.....

618 562 818 633 fert1.
853 563 1242 634 Veritatem
1275 572 1470 634 vates
1526 560 1902 657 aliquando
1940 562 2138 658 quasi
2183 562 2643 634 obumbrasse
2704 580 2804 629 ne
2854 578 2893 626 a

555 661 560 665 ⁴
619 678 1018 773 potentibus
1067 678 1244 749 male
1303 677 1803 767 mulcarentur‚
1869 677 1982 749 vel
2036 700 2124 749 ne
2172 678 2691 779 consulentium
2738 674 2890 744 ini-
2933 758 2934 765 ἵ

527 852 532 855 .
620 795 816 865 micis
863 794 1153 865 tacenda
1209 790 1648 888 proderent2,
1709 792 2085 866 Plutarcho
2150 794 2467 889 equidem
2518 790 2839 865 concedo
2862 815 2884 881 3

617 910 800 1005 quod
846 921 1080 981 tamen
1131 932 1271 980 non
1320 910 1456 979 nisi
1507 909 1592 981 de
1641 908 1879 1003 paucis
1927 912 2283 1003 responsis
2326 909 2566 981 valuit.
2622 908 2883 999 Longe

618 1026 900 1097 maioris
926 1026 1254 1097 momenti
1298 1024 1573 1108 videtur
1627 1025 1715 1095 ad
1757 1047 1906 1097 rem
1956 1026 2385 1098 enodandam
2434 1024 2878 1119 argutiarum

614 1141 1160 1236 griphorumque
1195 1162 1387 1212 amor
1431 1140 1551 1235 qui
1607 1140 1789 1234 apud
1844 1140 2147 1214 Graecos
2190 1141 2498 1235 vigebat,
2544 1140 2874 1213 solertiae
2933 1166 2934 1173 ¹

615 1257 919 1329 studium
959 1279 1096 1351 qua
1123 1255 1288 1327 deos
1317 1256 1687 1345 excellere,
1729 1257 2046 1337 homines
2076 1257 2310 1327 divino
2340 1256 2575 1329 favore
2614 1256 2870 1349 dignos
2933 1348 2934 1359 ρ

616 1372 764 1443 fieri
793 1372 1194 1444 credebant.
1230 1374 1419 1444 Inter
1445 1372 1701 1444 ficticia
1735 1368 2038 1462 dracula,
2076 1374 2162 1443 ad
2192 1372 2522 1444 maiorem
2554 1372 2666 1444 dei
2693 1372 2869 1464 glo-
2933 1368 2934 1393 ³

615 1490 790 1559 riam
817 1489 1128 1577 inventa,
1155 1496 1225 1559 et
1264 1494 1568 1559 a‘rerum
1598 1488 2082 1582 discrepantiis
2115 1512 2385 1576 secura,
2424 1488 2636 1559 multa
2684 1510 2862 1580 gra-

510 1631 512 1633 ’
613 1605 854 1675 tuitam
926 1602 1454 1695 ambiguitatem
1514 1604 1625 1673 vel
1682 1604 2171 1675 obscuritatem
2249 1603 2607 1675 exhibent.
2693 1603 2861 1674 Eius
2933 1596 2934 1607 ’

611 1720 890 1811 generis
915 1727 1076 1790 sunt
1099 1719 1379 1789 oracula
1409 1718 1861 1791 Doriensibus
1895 1730 1963 1791 et
1998 1719 2438 1791 Heracleidis
2476 1719 2662 1790 edita
2696 1721 2856 1813 qui-

611 1835 737 1905 bus
756 1834 1169 1907 iubebantur
1195 1834 1288 1903 τὸν
1316 1833 1497 1929 τρίτον
1518 1834 1739 1928 καρπὸν
1766 1834 2117 1929 περιμένειν,
2146 1876 2239 1887 -
2268 1835 2535 1906 scilicet
2566 1858 2701 1934 non
2724 1843 2859 1904 ter·

609 1950 741 2022 tias
776 1950 1016 2044 fruges
1043 1952 1156 2021 vel
1189 1950 1466 2022 tertium
1495 1973 1782 2043 annum,
1808 1952 1927 2022 sed
1958 1952 2233 2023 tertiam
2266 1950 2627 2021 hominum
2661 1958 2853 2022 aeta-
2933 1996 2934 2001 κ

610 2064 791 2138 tem³
819 2108 943 2157 -,
969 2077 1089 2138 aut
1113 2060 1194 2155 τῷ
1223 2050 1599 2161 τριοφθάλμῳ
1627 2064 1863 2159 ἡγεμόνι
1900 2061 2193 2163 χρῆσθαι,
2228 2108 2323 2119 —-
2356 2066 2623 2137 scilicet
2649 2065 2856 2160 Oxylo

609 2206 815 2278 quem
852 2182 1122 2255 luscum
1157 2182 1416 2255 asellu's
1449 2182 1810 2254 vehebat⁴.
1856 2183 2015 2254 Non
2047 2182 2382 2254 audacius
2412 2180 2656 2253 fuisset
2685 2182 2855 2251 Neo-
2933 2252 2934 2271 ᾖ

612 2297 910 2390 ptolemo
951 2296 1240 2367 suadere
1275 2305 1352 2368 ut
1385 2296 1572 2390 apud
1602 2297 1928 2368 nomades
1968 2298 2373 2369 consisteret
2419 2293 2847 2368 tabernacula
2933 2318 2934 2327 ¹

608 2536 745 2577 men
774 2516 1076 2596 implevit,
1102 2519 1325 2596 partim
1354 2520 1527 2580 falsis
1569 2527 1637 2580 ut
1674 2539 1786 2599 ego
1817 2522 2053 2597 opinor,
2080 2522 2303 2600 partim
2332 2538 2473 2581 casu
2508 2521 2673 2580 veris
2700 2526 2761 2577 ut
2783 2518 2844 2577 fit

609 2608 672 2665 in
703 2610 864 2666 omni
885 2609 1158 2667 oratione
1185 2608 1559 2685 saepissime,
1592 2612 1814 2687 partim
1838 2610 2185 2688 flexiloquis
2218 2618 2278 2670 et
2301 2611 2579 2670 obscuris
2599 2616 2662 2669 ut
2678 2610 2842 2667 inter·
2933 2596 2934 2651 ἶ

609 2713 748 2772 pres
779 2702 954 2773 egeat
979 2698 1312 2774 interprete
1355 2704 1414 2757 et
1455 2716 1590 2759 sors
1626 2700 1756 2775 ipsa
1798 2700 1870 2757 ad
1917 2705 2112 2759 sortes
2142 2699 2458 2759 referenda
2498 2700 2599 2769 sit,
2638 2698 2837 2775 partim

612 2787 909 2859 ambiguis
939 2792 999 2845 et
1019 2804 1172 2863 quae
1199 2788 1272 2845 ad
1312 2788 1693 2847 dialecticum
1724 2788 2049 2847 deferenda
2080 2789 2224 2852 sint.
2260 2810 2293 2847 »
2933 2788 2934 2809 ἢ

691 2876 710 2907 ¹
740 2875 835 2933 De
870 2875 1153 2951 Pythiae
1183 2894 1387 2947 orae„
1424 2877 1454 2951 ξ
1481 2877 1563 2936 25
1604 2876 1707 2955 (Ξ
1745 2896 1805 2953 Ρ.
1849 2878 1968 2937 407
2006 2876 2235 2956 AB):..
2248 2874 2403 2959 ,ᾐτι
2407 2884 2548 2936 ῶντο
2576 2873 2676 2955 τὴν
2704 2898 2837 2956 περι-

614 2963 872 3042 κειμένην
909 2986 1018 3029 τοις
1053 2973 1320 3072 χρησμοις
1361 2970 1605 3042 ποίησιν,
1653 2964 1711 3024 οὐ
1749 2969 1907 3044 μόνον
1945 2968 2018 3033 ὡς
2066 2962 2529 3049 ἀντιπράττουσαν
2566 2974 2639 3047 τῇ
2679 2966 2934 3041 νοήσει

609 3051 738 3133 πρὸς
768 3050 828 3109 τὸ
859 3046 1109 3126 ἂληθὲς’
1086 3050 1380 3133 ασοίφειάν
1382 3076 1442 3111 τε
1470 3076 1562 3111 και
1588 3049 1741 3113 σκιὰν
1771 3063 1849 3133 τῷ
1874 3056 2192 3163 φραζομένῳ
2219 3058 2575 3134 μιγνύουσαν,
2593 3048 2731 3114 ἀλλὰ
2748 3051 2840 3159 ἤδη

615 3138 706 3199 καὶ
737 3135 833 3205 τὰς
863 3136 1166 3221 μεταφορὰς
1195 3136 1375 3199 καὶτὰ
1400 3140 1693 3220 αἰνίγματα
1712 3166 1804 3201 και
1834 3138 1930 3209 τὰς
1962 3139 2303 3225 ἀμφιὸολίας,
2338 3142 2522 3226 ὥσπερ
2544 3142 2742 3223 μυχοὺς
2769 3162 2842 3199 και
2933 3154 2934 3221 ᾗ

611 3226 928 3341 καταφυγὰς
958 3229 1226 3288 ἐνδύεσθαι
1265 3228 1421 3288 καὶ’
1398 3254 1698 3312 αναχωρειν
1740 3242 1817 3311 τῷ
1859 3238 2106 3291 πταίοντι
2144 3235 2514 3311 πεποιηυ.ένας
2542 3241 2641 3310 τῆς
2673 3253 2831 3311 μαντι-
2933 3230 2934 3241 ’

611 3327 732 3395 κῆς,
767 3323 1109 3403 ὑφεωρωντο.
2596 3358 2606 3365 -

691 3406 714 3441 ²
743 3408 919 3469 Ibid.
929 3407 1104 3482 ,§.‘26
1139 3408 1244 3481 (=
1269 3427 1327 3484 Ρ.
1363 3408 1484 3467 407
1514 3410 1691 3488 DE):
1738 3412 2033 3493 Χρωμενος
2064 3414 2118 3471 δὲ
2147 3418 2201 3492 (ὃ
2228 3412 2365 3491 θεὸς)
2402 3415 2618 3489 θνητοις
2654 3410 2843 3490 ύπηρέ-
2933 3398 2934 3453 3

611 3520 805 3562 ταις...
840 3492 915 3553 ὧν
946 3498 1196 3574 κήδεσθαι
1228 3500 1491 3578 προσήκει
1534 3497 1625 3557 καὶ
1673 3499 2015 3603 φυλάττειν“
1986 3524 2130 3567 οπως
2158 3505 2231 3559 ὑπ
2251 3497 2575 3583 ἀνθρώπων
2607 3498 2699 3559 οὐκ
2722 3495 2842 3557 ἀπο·
2933 3520 2934 3545 ι

611 3590 829 3647 λοῦνται
858 3593 1106 3670 πονηρῶν
1137 3592 1239 3665 θεῷ
1271 3587 1645 3668 λατρεύοντες,
1668 3586 1979 3670 ἀφανίζειν
1970 3589 2067 3648 αὲν
2097 3588 2157 3648 οὐ
2191 3592 2330 3649 θέλει
2354 3614 2415 3648 το
2446 3586 2660 3665 ἀληθὲς,
2690 3610 2842 3667 παρα-

613 3678 826 3759 τρέπων
874 3676 930 3734 δὲ
971 3672 1074 3752 τὴν
1117 3677 1356 3753 δήλωσιν
1405 3674 1570 3735 αὐτοῦ
1618 3678 1854 3759 καθάπερ
1905 3675 2075 3759 αύγήν
2124 3680 2175 3739 ἐν
2231 3687 2303 3761 τῇ
2361 3702 2619 3760 ποιητικῃ
2662 3646 2841 3745 πολλὰς
2933 3706 2934 3757 3

613 3763 933 3831 ανακλάσεις
962 3764 1343 3843 λαμὸοἱνουσαν
1361 3763 1451 3824 καὶ
1475 3768 1755 3847 πολλαχοῦ
1779 3770 2246 3850 περισχιζομένην,
2274 3765 2467 3852 ἀφῄρει
2494 3768 2554 3827 τὸ
2585 3765 2840 3825 ἀντίτυπον
2933 3762 2934 3785 ³

611 3854 774 3934 αὐτοῦ
804 3878 893 3915 και
922 3878 984 3913 το
1014 3856 1266 3935 σκληρόν.
1289 3854 1404 3912 Ἦν
1435 3851 1544 3913 δὲ’“
1515 3878 1581 3937 αρ
1616 3856 1683 3914 ’ἃ
1690 3880 1807 3947 *nott
1838 3858 2121 3938 τυράννους
2152 3854 2414 3936 ἀγνοῆσαι
2445 3881 2535 3916 και
2576 3857 2841 3934 πολεμίους

620 3945 863 4013 <’έὸει>
895 3940 973 4021 μὴ
998 3940 1394 4023 προαισθέσθαι.
1421 3948 1643 4011 Τούτοις
1658 3936 1748 4003 οὖν
1776 3944 2087 4027 περιέῧαλεν
2112 3951 2362 4013 ὑπονοίας
2387 3969 2478 4005 και
2514 3942 2837 4028 ἀμφιλογίας,

612 4058 664 4094 αι
704 4032 830 4118 πρὸς
869 4034 1081 4115 ετέρους
1129 4028 1532 4114 ἀποκρύπτουσι
1580 4034 1640 4091 τὸ
1681 4036 2032 4117 φραζόμενον,
2079 4034 2138 4094 ού
2185 4038 2459 4117 διέφευγον
2509 4032 2696 4099 αὐτοὺς
2740 4031 2837 4091 οὐδὲ
2933 4048 2934 4059 ’

609 4127 995 4206 παρεκρούοντο
1023 4120 1146 4189 τοὺς
1185 4123 1465 4201 δεομένους
1498 4122 1589 4181 καὶ
1618 4124 2009 4205 προσέχοντας.
2553 4146 2561 4151 ·

691 4212 715 4247 ³
752 4212 1062 4290 Apollod'.,
1096 4212 1175 4272 II.
1209 4210 1269 4271 8.
1299 4211 1361 4272 2.

687 4301 712 4337 ⁴
743 4300 1049 4377 Apollod.‚
1083 4302 1164 4361 ΙΙ.
1199 4300 1258 4361 8.
1305 4302 1367 4379 3;
1404 4304 1700 4373 Pausan.‚
1734 4304 1811 4363 V.
1841 4304 1901 4364 3.
1934 4302 1994 4361 5.
