2975 5217
1117 444 1475 511 ...27-

117 596 360 670 sitne
383 621 468 670 ex
493 597 646 691 ipso
667 599 1035 687 conceptus
1062 612 1236 685 puer
1261 611 1464 684 quem
1493 584 1776 683 Annyla
1798 588 1895 657 in
1916 580 2113 659 utero
2134 582 2331 681 gerit
2349 587 2373 629 ¹
2402 614 2426 681 3

113 713 214 783 in
295 714 552 798 altera,
599 711 661 782 si
709 708 1126 781 Hoffmanno
1185 705 1559 793 credimuS‚
1601 704 1834 776 nescio
1900 704 2053 800 quis
2106 703 2425 777 sciscita—

113 828 378 903 batur
424 853 587 901 num
642 825 972 899 suadente
1023 821 1321 918 quodam
1368 817 1570 892 ouius
1613 842 1865 891 nomen
1912 818 2176 913 pariter
2217 822 2422 915 periit

116 944 564 1019 Aristolaus
643 950 907 1015 certum
997 939 1264 1011 πινάκιον
1335 936 1710 1031 obsignare
1764 935 2107 1007 omisisset
2122 932 2174 1007 2.
2248 937 2421 1008 Cum

117 1064 405 1158 priore
439 1064 691 1135 harum
720 1059 1135 1132 tabellarum
1160 1053 1561 1128 conferendi
1586 1064 1747 1125 sunt
1776 1062 1841 1125 et
1868 1053 2058 1125 locus
2084 1054 2419 1126 Herodo-

121 1188 324 1253 teus
371 1179 486 1251 ubi
529 1178 828 1272 legimus
881 1172 1493 1259 Lacedaemonio&
1552 1170 1737 1242 circa
1764 1169 2108 1263 originem
2142 1171 2412 1242 Dema-

127 1298 305 1369 rati
333 1294 518 1390 regis
566 1292 1046 1366 controversia
1075 1290 1260 1362 inter
1280 1288 1466 1359 cives
1495 1298 1684 1377 orta,
1706 1286 1993 1380 Delphis
2032 1285 2415 1359 sciscitatus

125 1435 324 1485 esse
370 1412 418 1480 εἰ
457 1409 820 1507 Ἀρίστωνος
875 1436 966 1483 ειη
1003 1411 1147 1483 παῖς
1188 1403 1216 1473 ὃ
1262 1399 1633 1499 Δημάρητος
1672 1403 1831 1495 (IV.
1889 1400 2059 1499 66),
2104 1410 2173 1475 et
2208 1394 2411 1477 Ionis

128 1530 520 1626 Euripidei
546 1550 792 1601 versus
843 1512 1064 1597 1547-
1074 1520 1328 1601 1548:

649 1727 825 1798 ἇλλ’“
809 1728 1091 1825 ιστορῆσω
1120 1729 1327 1798 Φοῖὅον
1355 1726 1632 1799 εἷσελθών
1664 1726 1867 1819 δόμους
1925 1750 1929 1757 ·

645 1843 748 1917 εἴτ’
781 1846 900 1937 εἰμὶ
933 1852 1132 1921 θνητοῦ
1179 1846 1393 1943 πατρὸς
1421 1842 1533 1915 εἴτε
1559 1843 1797 1929 Λοξίου.

141 2052 220 2124 Α
287 2038 541 2127 talibus
594 2054 905 2147 proxime
960 2052 1154 2123 abest
1215 2052 1398 2147 quod
1461 2052 1764 2147 Oedipus
1818 2044 2240 2147 Euripideus
2293 2073 2407 2123 ro-

140 2190 328 2260 gare
379 2168 808 2263 cogitaverat
859 2168 984 2255 -ςούς
1041 2165 1343 2265 φύσαντας
1392 2166 1675 2257 ἐκμαθεῖν
1726 2168 1903 2235 θέλων
1957 2165 2365 2265 (ΡΙῑοθνιὶξε.
2382 2222 2400 2257 ,

143 2308 229 2356 v.
286 2285 602 2378 34-35);
659 2284 771 2357 vel
813 2284 994 2380 quod
1051 2285 1137 2357 de
1178 2282 1485 2379 Telepho
1532 2284 1715 2378 apud
1782 2283 2279 2377 Apollodorum
2336 2292 2403 2356 et

143 2400 534 2474 Diodorum
570 2423 655 2472 ex
682 2400 1183 2495 antiquioribus
1221 2399 1623 2481 auctoribus
1653 2397 2046 2471 narratur3.
2081 2399 2399 2487 Xuthum

145 2500 457 2606 poenitet
489 2536 531 2586 a
564 2512 777 2586 Loxia
799 2535 940 2585 non
964 2514 1410 2607 inquisivisse
1440 2535 1478 2584 e
1532 2502 1827 2608 quanam
1867 2498 2124 2585 femina
2161 2514 2398 2586 Ionem

143 2628 317 2701 olim
343 2628 796 2725 procrearit⁴.
825 2629 1183 2702 Aristonis
1232 2652 1405 2701 uxor
1434 2636 1629 2701 vates
1668 2630 2055 2722 interrogat
2106 2639 2180 2702 ut
2226 2630 2396 2703 sciat

143 2768 353 2841 quem
404 2746 664 2834 virum,
718 2746 954 2818 mariti
1009 2767 1135 2817 ora
1197 2744 1570 2834 ferentem,
1619 2746 1689 2815 iu
1728 2744 1956 2816 cubile
2006 2743 2179 2817 falsa
2222 2746 2393 2817 Ari-

147 2863 364 2933 stonis
401 2861 550 2933 loco
580 2862 916 2955 receperit
935 2859 986 2935 5.
1022 2861 1603 2956 Amphitryonem
1634 2860 1941 2933 Tiresias
1988 2861 2185 2934 docet
2232 2884 2390 2933 cum

147 2980 278 3072 quo
305 2978 637 3050 Alcmena
671 2977 895 3048 inscia
939 2977 1362 3050 adulterium
1405 2986 1671 3050 castum
1714 2975 2149 3050 admiseritss.
2185 2977 2388 3049 Plato

146 3093 218 3163 in
258 3092 573 3168 Civitate
631 3094 729 3190 (p.
783 3092 920 3166 461
975 3092 1092 3191 Ε),
1147 3116 1317 3190 quos
1381 3092 1861 3165 adulescentes
1910 3116 2142 3165 mares
2188 3093 2385 3166 femi-

147 3231 401 3305 nasque
448 3232 534 3281 ex
596 3209 861 3281 eisdem
903 3206 1304 3304 parentibus
1357 3209 1635 3303 genitos
1702 3208 1918 3282 fuisse
1968 3233 2091 3303 pro
2159 3218 2383 3282 aetate

148 3326 517 3397 verisimile
556 3334 690 3415 est,
730 3326 1246 3398 matrimonium
1275 3326 1456 3397 inter
1496 3348 1571 3397 se
1591 3326 2005 3399 'contrahere
2032 3335 2223 3398 vetat·
2247 3327 2380 3399 nisi

223 3522 244 3559 ¹
281 3523 512 3596 Gollitz,
557 3522 732 3585 1565.

216 3612 496 3685 ²Collitz,
531 3610 711 3673 1578.

214 3700 238 3737 ³
263 3702 571 3778 Apollod„
603 3701 809 3763 III.9.
842 3702 925 3761 1:
971 3704 1214 3782 ζητήσας
1259 3701 1382 3769 τοὺς
1422 3704 1634 3782 γονέας,
1678 3698 1810 3785 ᾗκεν
1842 3701 1913 3770 εἷς
1963 3703 2225 3785 Δελφούς.
2260 3702 2371 3764 Και

145 3788 312 3867 μαθὼν
365 3812 513 3872 παρα.
565 3799 660 3848 τοῦ
718 3794 886 3850 θεοῦ.
937 3792 1193 3865 :.,D10d
1226 3792 1337 3853 IV.
1396 3792 1498 3850 33.
1533 3793 1617 3851 1:
1656 3791 1984 3874 Τήλεφος.
2016 3814 2117 3870 την
2154 3794 2370 3874 μητέρα

147 3883 290 3955 μαθεῑ
275 3904 318 3938 ’ν
343 3880 584 3938 σπευδων
610 3882 886 3960 παρῆλθεν
915 3880 987 3947 εἰς
1013 3879 1330 3964 Δελφοὺς..
1374 3882 1529 3940 Rem
1574 3879 1752 3957 paulo
1794 3883 1972 3939 aliter·
2009 3889 2369 3941 narraverat

143 3967 352 4027 Demon
370 3966 477 4045 (fr.
519 3965 600 4027 20
630 3967 839 4044 Did.)·
826 4013 840 4027 .
889 3971 1278 4049 μαντευομένῳ
1308 3992 1408 4049 γοιρ
1438 3967 1587 4049 αὐτῷ
1616 3992 1733 4050 περι
1762 3974 1981 4049 γονέων,
2016 3968 2099 4029 ἐπὶ
2130 3976 2275 4037 τίνας
2301 3966 2365 4029 ἂν

142 4060 317 4124 τόπους
341 4055 632 4133 πλανηθεὶς
666 4056 856 4138 ἐξεύροι
887 4058 1010 4127 τοὺς
1039 4064 1203 4118 αὑτοῦ
1233 4068 1475 4137 γονεῖς...

211 4144 232 4178 ⁴
253 4146 491 4222 Eurip„
518 4145 668 4217 Ion,
700 4163 763 4207 v.
789 4146 1090 4208 540-541.

210 4232 232 4269 ⁵
256 4233 511 4303 Herod„
542 4234 651 4292 VI.
682 4232 782 4293 69.

211 4320 557 4399 6ΑΡοΙΙο(1.,
601 4321 684 4382 ΙΙ.
719 4322 776 4381 4.
804 4323 865 4383 8.
