2975 5217
1516 1183 1919 1259 ERRATA

600 1574 673 1636 P.
707 1574 805 1648 17,
836 1578 879 1640 1.
915 1576 992 1639 16
1023 1601 1038 1639 z
1077 1597 1186 1656 pro
1223 1597 1254 1637 α
1285 1580 1697 1663 προσδέρκεσθαι
1733 1603 1759 1634 n
1793 1580 1932 1657 lege
1962 1580 2400 1663 «προδέρκεσθαι
2434 1600 2491 1641 ».

597 1695 673 1755 Ρ.
702 1696 804 1766 67,
845 1696 890 1758 1.
930 1695 970 1755 9
997 1717 1018 1769 ,ε
1052 1715 1162 1775 pro
1191 1716 1224 1757 et
1255 1699 1315 1757 in
1343 1699 1452 1758 deo
1483 1717 1517 1756 a
1549 1699 1683 1775 lege
1713 1716 1746 1756 ι(
1783 1697 1840 1757 in
1870 1698 2011 1757 deos
2044 1718 2104 1759 ».

598 1814 672 1873 Ρ.
703 1813 805 1888 68,
841 1833 900 1876 n.
927 1816 991 1889 2,
1020 1815 1171 1875 adde
1204 1835 1218 1875 :
1259 1833 1290 1873 α
1323 1815 1441 1875 Hie
1469 1833 1707 1892 quoque
1736 1816 2192 1875 memorandum
2232 1820 2374 1892 puto
2405 1812 2562 1891 quod
2594 1814 2891 1891 praebet

1114 1904 1476 1964 Aristoteles
1524 1906 1643 1967 Ἀθ.
1676 1904 1845 1975 Πολ.,
1878 1905 1975 1964 44.
2012 1906 2072 1975 4,
2117 1923 2150 1964 a
2179 1902 2535 1982 prytanibus
2562 1902 2689 1963 illis
2716 1909 2883 1979 post

1113 1994 1458 2071 prytaniam
1489 2000 1727 2053 sextam
1772 1993 2013 2054 comitia
2063 1993 2269 2054 habita
2307 1992 2493 2053 fuisse
2534 1992 2631 2075 ἐφ’
2666 1988 2747 2051 ὧν
2796 1988 2877 2052 ἂν

1117 2081 1350 2165 ςύσημία
1374 2088 1622 2163 γένηται.
1657 2104 1689 2141 ι

596 2174 671 2233 Ρ.
719 2166 889 2247 70,1.
922 2171 1116 2233 9-102
1151 2172 1283 2249 lege
1325 2192 1357 2231 c<
1389 2173 1671 2253 gentibus
1703 2192 1761 2235 n.

596 2264 673 2323 P.
711 2262 814 2335 76,
836 2283 894 2325 n.
923 2263 963 2321 8
995 2281 1010 2320 ε
1037 2280 1148 2340 pro
1177 2282 1211 2320 α
1242 2262 1537 2348 Ὀπόεντος
1565 2280 1598 2322 n
1628 2262 1765 2340 lege
1796 2282 1828 2321 c<
1879 2265 2166 2331 Ὀπόεντος
2194 2284 2253 2324 »-

676 2549 956 2627 Ignoscat
982 2550 1175 2609 lector
1198 2551 1528 2611 benevolus
1556 2550 1607 2610 si
1638 2567 1994 2627 graecorum
2016 2552 2344 2610 verborum
2373 2556 2658 2611 accentus
2691 2571 2865 2612 non-

593 2657 896 2718 nunquam
919 2646 1021 2699 ant
1049 2640 1258 2699 omissi
1284 2646 1423 2699 sunt
1451 2646 1554 2699 aut
1583 2657 1900 2718 perperam
1953 2640 2239 2717 adhibiti3
2267 2657 2523 2718 quorum
2552 2658 2859 2702 errorum

592 2728 839 2806 plurimi
872 2729 1206 2807 typothetia
1249 2747 1390 2789 sane
1418 2728 1733 2805 debentur,
1763 2730 1874 2790 etsi
1907 2748 2050 2808 pars
2093 2730 2291 2808 aliqua
2332 2728 2480 2789 mihi
2518 2729 2636 2807 ipsi
2685 2730 2861 2791 forte

595 2818 916 2879 tribuenda
944 2827 1058 2880 est.
