2975 5217
688 735 697 741 ,
819 707 833 722 .
850 705 866 724 .
884 705 897 720 .
925 648 1009 731 τίς
1036 647 1533 747 ὑποκεκρυμμένος
1559 626 1725 741 μ’ἔνα-

610 768 982 864 σαράὅοξκων
1011 765 1264 837 κοπίδων
1306 765 1720 857 συνομώνυμες

92 935 548 1007 ἐπισκώπτουσι
574 937 690 1031 γάρ
718 934 766 1003 οἱ
799 934 1048 1031 Σάτυροι
1073 934 1199 1015 τούς
1220 934 1478 1030 Δελφούς
1504 932 1583 1013 ὥς
1611 934 1740 1029 περὶ
1772 934 1877 1012 τοὶς
1903 931 2112 1010 θυσίας
2140 931 2241 999 καὶ
2270 932 2373 1010 τοὶς

100 1053 313 1131 θοὶνας
349 1051 775 1148 διατρίὸοντας;
806 1060 1012 1123 -nota
1028 1053 1290 1141 Croesi,
1326 1063 1404 1125 ut
1433 1052 1746 1145 exemplo
1773 1060 1952 1135 utar,
1984 1073 2121 1121 non
2152 1048 2371 1121 solum

95 1171 184 1240 in
219 1170 428 1241 deum
476 1169 866 1263 delphicum
919 1169 1040 1240 sed
1085 1168 1160 1238 in
1197 1168 1507 1262 Delphos
1548 1190 1787 1239 omnes
1837 1164 2365 1261 munifice-ntia&

99 1286 546 1379 Peregrinos
576 1284 922 1380 excipere,
948 1284 1235 1357 visenda
1266 1292 1683 1371 monstrare,
1708 1280 2025 1373 donaria,
2050 1303 2369 1369 coronaS,

99 1401 390 1487 tituloS‚
439 1409 884 1473 monumenta
912 1401 1024 1494 pia
1069 1398 1440 1488 conficere,
1475 1397 1927 1471 hae-fuerunt
1959 1397 2144 1495 apud
2190 1395 2369 1468 Del-

102 1518 294 1612 phos
324 1525 538 1607 arteS,
567 1517 732 1588 hinc
773 1516 1233 1588 emolumenta
1287 1514 1747 1588 ducebantur.
1803 1515 1973 1587 Cum
2036 1514 2256 1605 igitur
2306 1522 2376 1585 et

104 1633 466 1706 civitatem
497 1645 565 1706 et
613 1634 955 1727 privatum
990 1655 1333 1728 quemque
1377 1631 1690 1703 advenae
1736 1640 2139 1724 pascerent?
2178 1652 2375 1701 corn-

107 1750 349 1821 munis
369 1748 684 1823 utilitatis
702 1747 829 1821 fuit
872 1771 1078 1844 quam
1107 1746 1442 1879 plurimos
1479 1746 1784 1840 benigne
1812 1747 2145 1840 accipere,
2170 1744 2378 1817 nullis

106 1864 444 1940 infestum
466 1865 770 1938 animum
796 1874 1182 1936 monstrare
1201 1864 1319 1960 qui
1338 1864 1411 1934 in
1440 1862 1745 1935 futurum
1771 1886 1890 1935 eos
1919 1862 2367 1935 absterreret.

217 1983 316 2054 At
366 2004 490 2077 per
544 1981 885 2077 quoddam
939 1988 1212 2075 tempus
1248 1978 1587 2073 Delphica
1634 1980 1875 2052 civitas
1916 1950 2376 2051 Phocensium

113 2097 427 2169 foederis
474 2119 633 2192 pars
680 2094 874 2186 fuit²‚
911 2119 1050 2167 non
1089 2096 1189 2169 ita
1221 2096 1495 2191 quidem
1533 2095 1929 2191 spernendi.
1970 2096 2192 2168 Recte
2222 2116 2379 2167 mo-

113 2238 275 2286 nes.
313 2213 454 2286 Sed
509 2214 680 2285 adeo
733 2235 1085 2309 nunquam
1149 2212 1388 2309 iniquo
1454 2234 1629 2307 erga
1682 2213 2081 2284 Phocenses
2140 2210 2379 2282 favore

115 2329 376 2424 Delphi
406 2315 932 2419 laboraverunt.
964 2370 1062 2383 --·
1099 2329 1422 2401 timentes
1453 2328 1716 2400 scilicet
1755 2350 1842 2400 ne
1872 2326 2264 2400 divitiarum
2292 2350 2381 2398 ex

118 2446 404 2519 oraculo
436 2454 921 2541 perceptarum
978 2452 1250 2539 partem
1305 2445 1433 2515 sibi
1494 2442 1737 2517 foedus
1787 2444 2100 2538 exigeret
2128 2484 2251 2534 -‚
2305 2453 2382 2516 ut

117 2562 353 2659 potius
387 2560 852 2632 phocensium
884 2561 1124 2633 amicis
1169 2583 1244 2632 se
1275 2559 1581 2633 infensos
1611 2560 2052 2654 praeberent,
2080 2544 2378 2633 inimicis

119 2688 353 2751 autem
432 2677 827 2749 benevolos
893 2677 1092 2764 Quod
1154 2677 1453 2749 maxime
1508 2675 1692 2749 cadit
1744 2677 1817 2747 in
1885 2676 2265 2772 Spartanos
2312 2687 2380 2773 et

121 2794 620 2867 Athenienses.
665 2792 961 2887 Pythiae
987 2794 1172 2865 enim
1197 2814 1368 2886 erga
1396 2793 1721 2886 Spartam
1753 2792 1951 2864 favor
1972 2816 2199 2889 neque
2236 2801 2377 2865 tam

123 2919 505 3004 perpetuus
532 2907 665 2980 fuit
694 2932 915 3002 neque
945 2920 1086 2981 tam
1113 2910 1437 3005 antiquus
1472 2931 1676 3004 quam
1707 2908 1962 3005 aliquis
2005 2907 2182 2980 forte
2227 2933 2382 2982 cre-

127 3024 405 3097 diderit.
470 3026 615 3096 lam
674 3033 983 3119 tempore
1044 3024 1249 3121 primi
1313 3024 1738 3097 Messeniaci
1804 3021 1973 3096 belli
2022 3025 2379 3097 oraculum

126 3165 286 3214 cum
317 3140 674 3236 Spartanis
701 3152 938 3235 aperte
972 3139 1220 3213 fecisse
1255 3140 1523 3235 primus
1552 3140 1736 3212 inter
1788 3140 2163 3235 scriptores
2204 3164 2377 3236 quo-

127 3281 282 3330 rum
322 3279 508 3329 nunc
550 3279 759 3351 opera
796 3256 1099 3351 legimus
1152 3256 1493 3328 Isocrates
1533 3254 1919 3348 narravit³;
1965 3280 2171 3351 quam
2219 3259 2379 3352 opi-

131 3375 436 3463 nionem,
471 3372 802 3445 historica
830 3372 965 3444 fide
995 3372 1421 3460 destitutam,
1488 3394 1628 3443 non
1670 3372 1849 3444 male
1884 3374 2381 3446 conicias-tunc

132 3489 332 3561 modo
372 3489 447 3559 in
499 3488 726 3560 lucem
776 3487 1058 3559 venisse
1134 3511 1316 3576 cum,
1380 3488 1709 3560 Messena
1756 3486 1845 3559 ab
1898 3489 2379 3580 Epaminonda

129 3608 202 3676 in
233 3603 605 3697 pristinum
663 3611 918 3676 statum
963 3613 1382 3692 restaurata,
1446 3613 1518 3675 et
1582 3603 1904 3697 Spartani
1963 3618 2376 3697 argumenta

217 3856 237 3891 ¹
263 3856 514 3934 Herod.,
549 3858 598 3919 I.
634 3857 731 3917 54.

215 3942 238 3979 ²
266 3943 352 4006 Cf.
383 3946 752 4017 Busoltium‚
787 3946 1046 4007 Griech.
1087 3946 1340 4020 Gesch„
1375 3946 1452 4021 12,
1486 3964 1549 4024 p.
1582 3946 1705 4008 695
1725 3952 1864 4007 etn.
1900 3947 1960 4009 6.

220 4032 1066 4110 3Ι.80(>ῐ·,Α1·(,“Ῐιι”οῐ.,ἓ31..
1106 4045 1244 4095 .τοῦ
1273 4038 1512 4115 πολεμοῦ
1544 4046 1752 4120 μακρου
1788 4038 2080 4116 γενομένου
2118 4036 2376 4119 πεμψάν-

138 4146 247 4183 των
276 4118 591 4206 ἀμφοτέρων
649 4125 700 4191 ἐς
753 4126 862 4182 Δε)
849 4123 1015 4205 φοὺς,
1049 4119 1310 4182 κάκείνων
1337 4123 1434 4202 μὲν
1466 4131 1740 4207 σωτηρίαν
1768 4124 2083 4196 αἰτούντων,
2107 4127 2269 4204 ἡμῶν
2320 4127 2381 4184 δ’

141 4213 524 4294 ἐπερωτώντων
578 4214 685 4293 ὅτῳ
724 4214 907 4294 τρόπῳ
959 4212 1192 4292 τάχιστ’
1228 4207 1294 4271 ἂν
1346 4215 1713 4293 κρατήσαιμεν
1742 4223 1842 4291 τῆς
1869 4216 2098 4284 πόλεως,
2124 4238 2233 4280 τοις
2276 4214 2372 4295 μὲν

140 4300 279 4362 οὐδὲν
331 4298 596 4361 ἀνειλεν
570 4326 642 4369 ως
671 4300 731 4360 οὐ
758 4302 970 4360 δικαίαν
998 4301 1335 4378 ποιουμένοις
1364 4297 1466 4377 τὴν
1494 4302 1735 4379 α’ίτ-ησιν,
1773 4325 1807 4379 η
1818 4305 1952 4383 μινδ
1972 4303 2242 4381 ’ἐδήλωσε
2288 4302 2380 4362 καὶ

142 4388 235 4457 τὰς
255 4394 436 4458 θυσίας
462 4392 522 4458 ἃς
539 4392 642 4451 ἔδει
672 4391 998 4467 ποιήσασθαι
1023 4387 1114 4447 καὶ
1143 4390 1391 4467 βοήθειαν
1420 4392 1565 4470 παρ’
1582 4388 1655 4451 ὧν
1686 4393 2167 4473 μεταπέμψασθαι.
