2975 5217
1079 458 1434 527 ...69-

81 604 409 701 pluviae
419 614 688 701 guttam
717 604 871 697 ipse
895 590 1541 698 acceperit.Parum
1562 600 1780 697 igitur
1800 601 2240 674 metuendum
2254 600 2387 676 fuit

81 744 180 793 ne
218 722 414 795 inde
441 744 703 818 pravus
734 743 905 792 usus
935 717 1384 793 divinationis
1413 716 1488 788 in
1517 703 1831 813 publicos
1862 740 2091 790 mores
2112 718 2387 815 irrepe-

85 846 236 913 ret.
261 840 475 912 Num
495 846 777 933 praeter
800 834 1144 926 διοσημεῖας
1166 843 1487 929 portenta
1518 857 1789 931 quoque
1820 834 2017 907 varia
2038 822 2388 930 Exegetae

85 955 304 1027 soliti
384 955 525 1027 sint
575 953 847 1048 publice
895 952 1371 1047 interpretari,
1425 952 1595 1023 mihi
1644 936 1916 1025 videtur
1941 950 2143 1025 valde
2185 952 2393 1024 dubi-

85 1072 480 1163 tandum3
555 1070 673 1166 qui
738 1069 1052 1155 credidit,
1125 1068 1275 1163 ipse
1339 1069 1767 1141 Petersenus
1816 1076 2033 1155 notat,
2084 1093 2239 1141 cum
2294 1079 2395 1144 tot

87 1190 462 1285 prodigia
498 1194 876 1260 narrentur
922 1193 1082 1257 ante
1134 1183 1497 1257 Siciliense
1547 1183 1801 1257 bellum
1848 1184 2393 1261 Atheniensibus

91 1307 483 1401 paruisse,
521 1305 609 1376 de
656 1302 988 1397 Exegetis
1033 1302 1406 1397 scriptores
1448 1300 1750 1393 tacere¹;
1785 1326 1915 1375 nec
1953 1312 2395 1379 monumenta

105 1423 400 1495 desunt
435 1421 560 1493 ubi
598 1419 837 1492 videas
865 1418 1336 1491 Athenienses
1383 1418 1468 1489 de
1528 1402 1873 1512 prodigiis
1898 1420 1985 1491 ad
2036 1422 2395 1497 oraculum

105 1539 382 1612 statim
452 1535 862 1609 referentes
922 1576 1022 1588 —
1083 1534 1347 1621 Quibus
1408 1557 1600 1623 ver0,
1662 1533 1827 1607 solis
1870 1546 2203 1633 quantum
2260 1541 2399 1637 scio

113 1665 430 1750 praeter
453 1652 832 1747 Exegetas,
863 1651 1186 1724 caelestia
1215 1652 1420 1744 signa
1449 1673 1577 1745 pro
1602 1652 1857 1746 populo
1897 1652 2181 1726 servare
2218 1658 2403 1753 apud

113 1772 455 1845 Graecos
511 1791 820 1866 unquam
869 1790 1078 1841 curae
1119 1766 1275 1857 fuit,
1301 1807 1396 1822 --
1441 1766 1711 1841 Atticos
1759 1768 1913 1841 dico
1959 1770 2394 1875 Pythaistas,

127 1912 453 1985 quorum
511 1885 904 1980 complures
993 1908 1076 1957 ex
1154 1884 1511 1957 nonnullis
1587 1884 1913 1979 gentibus
1999 1887 2402 1982 optimatum

131 2004 504 2100 desumpti
558 2000 912 2093 suerunt&
945 2042 1040 2057 --
1071 2006 1226 2074 c'um
1284 2000 1505 2073 solum
1548 2002 1634 2074 de
1676 2010 1983 2096 tempore
2028 2004 2404 2081 mittendae

135 2122 469 2215 Delphos
500 2118 882 2215 Pythaidos
923 2116 1376 2208 statuerentss,
1421 2116 1614 2189 nullo
1655 2130 1851 2212 pacto
1877 2118 2073 2192 licuit
2118 2122 2407 2255 alicuius

132 2237 466 2311 factionis
492 2245 725 2332 partes
770 2236 1262 2332 commodaque
1298 2235 1562 2307 fovere.

241 2356 357 2427 De
395 2352 605 2427 rebus
657 2348 959 2449 publicis
987 2352 1196 2447 longe
1231 2354 1509 2447 saepius
1534 2363 1868 2449 usurpata
1909 2352 2041 2428 fuit
2071 2350 2405 2432 divinatio

138 2494 232 2543 ex
290 2470 544 2544 hostiis
588 2469 815 2543 ducta.
873 2470 1076 2541 Nunc
1130 2470 1313 2541 enim
1366 2493 1490 2564 per
1541 2492 1738 2543 sacra
1776 2472 1866 2543 ad
1916 2471 2049 2546 hoc
2091 2474 2404 2548 instituta

141 2587 502 2683 rogabant
530 2610 699 2658 num
731 2586 1087 2681 expediret
1106 2594 1370 2659 certum
1401 2586 1566 2682 quid
1595 2585 1855 2677 facere,
1900 2588 2101 2662 novis
2134 2589 2405 2685 legibus

147 2702 326 2794 uti⁴,
377 2702 766 2776 contionem
787 2726 1168 2776 convocare
1182 2701 1235 2794 ⁵,
1261 2703 1713 2797 magistratus
1734 2704 1997 2800 eligere
2015 2702 2043 2744 ⁶
2051 2761 2070 2796 ,
2105 2706 2413 2809 theorias

236 2923 258 2957 ²
295 2925 702 3003 Philoloyus,
762 2926 839 2985 Ier
891 2924 1468 3003 Supplementband‚
1518 2946 1577 3004 p.
1644 2926 1785 2990 184.
1834 2960 1913 2970 —
1968 2926 2321 2997 Rettulisse,
2351 2923 2416 2982 in

159 3012 458 3087 Atthide,
488 3014 734 3075 illorum
796 3013 1214 3093 prodigiorum
1244 3016 1537 3076 nonnulla
1584 3016 1954 3077 Glitodemus
1994 3018 2150 3094 apud
2178 3016 2419 3076 Pausa-

157 3101 328 3162 niam
364 3104 594 3165 dicitur
611 3104 718 3182 (X.
757 3105 853 3165 15.
889 3104 929 3163 3
952 3113 1334 3183 :nm-russia...
1369 3106 1752 3183 διηγήσατο
1778 3110 1807 3164 ὃ
1841 3102 2267 3185 Κλειτόδημος),
2300 3122 2418 3164 non

159 3196 232 3251 ut
258 3194 538 3271 Exegeta
559 3194 916 3254 observasse
945 3200 1004 3252 et
1025 3194 1449 3272 explicavisse.
1480 3196 1569 3254 De
1611 3194 1981 3271 fulguribus,
2005 3196 2078 3256 de
2111 3194 2291 3255 lunae
2317 3194 2419 3253 vel

165 3280 317 3340 solis
343 3281 702 3353 defectibus,
734 3283 1112 3358 scripserant
1141 3289 1201 3342 et
1229 3283 1386 3342 idem
1434 3284 1805 3344 Glitodemus
1834 3289 1894 3343 et
1925 3284 2330 3346 Philochorus
2360 3287 2420 3341 et

167 3369 544 3432 Anticleides
573 3372 873 3453 (Philol.‚
905 3371 947 3430 l.
982 3371 1016 3430 1.
1037 3417 1052 3445 ,
1077 3390 1140 3448 p.
1179 3371 1495 3453 181-182)‚
1533 3374 1635 3450 qui
1662 3372 1953 3452 Exegetis
1985 3371 2423 3434 annumerandi

175 3457 462 3521 videntur
491 3482 510 3539 3
542 3462 647 3521 sed
675 3462 843 3521 aliud
871 3461 1180 3537 negotium
1198 3469 1332 3521 erat
1359 3463 1673 3523 doctrinae
1689 3471 2008 3541 praecepta
2032 3460 2235 3534 edere,
2261 3459 2423 3522 aliud

173 3564 315 3607 cum
342 3552 705 3613 auctoritate
730 3551 974 3629 publica
999 3551 1072 3611 de
1091 3551 1351 3630 publicis
1374 3554 1560 3613 rebus
1585 3559 1782 3613 artem
1801 3571 2108 3615 exercere.
2148 3554 2424 3614 Interro-

178 3640 460 3712 gantibus
485 3658 615 3701 sese
643 3641 1022 3719 respondisse
1059 3642 1203 3718 quid
1233 3641 1420 3701 vellet
1451 3652 1674 3721 σημεῖον
1708 3643 2003 3720 quoddam
2051 3648 2110 3703 et
2137 3642 2427 3726 φάντασμα

177 3726 583 3791 Philochorus
612 3732 854 3808 quidem
892 3730 1022 3810 ipse
1071 3731 1261 3791 refert
1314 3729 1498 3811 (apud
1522 3732 1777 3809 Dionys.
1839 3733 2062 3802 Halic„
2097 3733 2314 3793 Iudic.
2348 3730 2464 3791 de·

183 3814 627 3889 Dinareho,3:
663 3820 823 3900 ἡμεῖς
852 3820 895 3879 δ’
943 3817 1795 3905 ἐρωτηθέντες...’έφαμεν...)
1830 3840 1846 3897 ;
1878 3839 2020 3881 num
2040 3840 2191 3882 vero
2208 3820 2429 3900 populo

183 3909 464 3984 tanquam
487 3911 780 3987 Exegeta,
814 3928 890 3969 an
920 3912 1177 3988 privatis
1217 3918 1502 3987 tanquam
1558 3910 1705 3972 artis
1730 3911 2131 3971 divinatoriae
2159 3909 2431 3989 peritus?

265 3994 290 4030 ²
315 3997 617 4072 Hermes,
650 3997 830 4074 1893,
865 4019 924 4076 p.
959 3999 1102 4078 6283
1134 4001 1325 4073 BGH,
1359 3998 1539 4074 1896,
1566 4020 1627 4079 p.
1650 3998 1792 4062 640.

268 4084 295 4126 ³
320 4087 551 4166 Strab.,
584 4088 695 4149 IX.
719 4087 862 4151 404.

270 4171 294 4208 ⁴
318 4176 504 4249 Xon„
529 4178 624 4237 De
664 4178 1123 4254 Vectiyalibus‚
1171 4179 1246 4238 ad
1265 4178 1372 4238 fin.
1712 4198 1716 4205 ·

271 4262 296 4297 ⁵
324 4264 413 4325 Gr.
449 4266 708 4343 Grilbert,
741 4264 1241 4341 Handbuck,1²,
1281 4285 1342 4344 p.
1384 4266 1651 4328 325-326
1697 4273 1757 4328 et
1783 4286 1845 4329 n.
1894 4269 1924 4327 1
1972 4312 1991 4330 -.

275 4352 298 4387 ⁶
321 4354 390 4415 Si
410 4372 632 4417 verum
650 4361 766 4431 est,
797 4357 956 4435 quod
973 4356 1188 4417 suadet
1207 4354 1556 4415 dubitanter
1582 4356 1820 4419 Gilbert
1831 4354 1916 4434 (ο.
1935 4357 2004 4429 ἱ.,
2025 4373 2086 4433 p.
2104 4356 2246 4430 326,
2265 4375 2326 4417 n.
2349 4354 2435 4434 1),

378 4490 428 4528 1..
2219 4480 2252 4528 5
