2975 5217
1553 509 1641 524 -.
1689 474 1779 540 50
1845 508 1913 523 ...

895 617 1292 715 Ἀλλ’“Όρκου
1320 611 1462 696 παῖς
1487 618 1641 687 ἐστιν
1672 608 2003 709 ἀνώνυμος,’
2028 617 2155 687 οὐδ’
2185 616 2277 687 ἔπι
2316 613 2539 715 χεῖρες,

893 736 1026 806 οὐδὲ
1052 735 1245 827 πόδες,
1292 736 1569 831 κραιπνὸς
1602 734 1664 803 δέ
1700 733 2075 832 μετέρχεται,
2109 732 2295 805 εἰσόκε
2321 730 2527 805 πᾶσοιν

897 854 1268 948 συμμάρψας
1297 850 1478 921 ὀλέσει
1508 852 1709 947 γενεήν
1740 852 1843 919 καὶ
1872 846 2019 921 οἷκον
2048 849 2308 923 ἅπαντα.

895 969 1142 1066 Ἀνδρός
1185 968 1240 1037 δ’
1281 968 1509 1064 εὐόρκου
1528 970 1693 1067 γενεή
1726 965 2066 1058 μετόπισθεν
2096 968 2359 1059 ἀμείνων
2396 1011 2491 1022 --

602 1134 1016 1230 veniamque
1111 1156 1354 1203 eorum
1421 1132 1647 1204 oranti
1733 1155 1910 1226 quae
1990 1132 2281 1225 dixerat,
2356 1131 2649 1205 alterum
2730 1132 2877 1203 hoc

601 1273 1009 1345 responsum
1064 1248 1300 1321 datum
1362 1258 1467 1320 est
1511 1272 1526 1317 ε
1590 1272 1627 1317 <c
1659 1248 1840 1319 idem
1898 1248 2155 1341 pollere
2212 1256 2482 1320 tentare
2534 1249 2759 1320 deum
2806 1256 2877 1319 et

599 1367 917 1441 facere».
945 1363 1340 1437 Aristodico
1369 1363 1672 1459 Cymaeo
1694 1363 2095 1456 Apollinem
2116 1364 2577 1458 Didymaeum
2599 1364 2872 1436 acerbe

600 1482 1017 1577 vituperanti
1069 1481 1251 1578 quod
1321 1482 1659 1576 Cymaeos
1722 1480 2041 1552 iussisset
2106 1482 2439 1575 Pactyam
2513 1481 2859 1574 Lydium,

601 1598 1004 1693 supplicem,
1040 1596 1333 1669 infensis
1351 1596 1604 1691 ,Persis
1643 1596 1920 1667 tradere
1948 1596 2160 1693 (anno
2196 1595 2295 1666 ss
2321 1596 2525 1690 540),
2572 1621 2711 1668 vox
2772 1621 2863 1666 ex

599 1715 807 1810 adyto
846 1722 998 1786 orta
1024 1713 1187 1786 talia
1233 1713 1591 1805 respondit
1630 1737 1645 1782 :
1706 1737 1742 1782 (ι
1782 1712 2121 1808 Equidem
2169 1712 2405 1803 iube0,
2437 1723 2510 1785 ut
2548 1714 2862 1807 peccatis

600 1830 858 1903 vestris
903 1832 993 1902 ad
1029 1830 1405 1925 perniciem
1445 1832 1579 1900 cito
1624 1830 2054 1923 abripiamini
2101 1851 2324 1924 neque
2373 1830 2445 1899 in
2491 1839 2859 1923 posterum

600 1946 686 2017 de
737 1946 1060 2041 supplicis
1102 1946 1488 2039 proditione
1523 1944 1879 2016 oraculum
1936 1945 2246 2017 adeatis!
2295 1968 2331 2015 >³
2392 1944 2527 2017 Hic
2575 1968 2858 2040 quoque

596 2063 1005 2152 laudanduS,
1049 2062 1122 2133 ni
1145 2062 1376 2151 fallor,
1401 2062 1605 2133 vlocus
1635 2061 2021 2134 Diodoreus
2049 2062 2328 2156 quidam
2353 2062 2551 2153 (XV.
2587 2064 2703 2134 10.
2734 2058 2845 2155 2),

598 2183 710 2251 ex'
740 2179 1025 2273 Ephoro
1083 2177 1378 2249 fortasse
1434 2200 1831 2271 expressuS‚
1886 2177 2001 2249 ubi
2064 2177 2478 2250 Teribazum
2536 2178 2852 2271 legimus

597 2286 684 2368 ab
715 2298 976 2368 Oronte
1012 2294 1482 2366 insimulatum
1514 2294 1729 2391 (anno
1760 2293 1933 2388 385)
1967 2293 2147 2389 quod
2189 2294 2525 2366 adversus
2564 2294 2847 2387 Regem

596 2411 1046 2484 defectionem
1115 2410 1394 2482 molitus
1441 2422 1624 2482 esset
1677 2421 1744 2482 et
1808 2409 1937 2507 περὶ
1986 2410 2445 2487 ἐπαναστάσεως
2509 2410 2844 2504 Pythiam

595 2528 1080 2611 consuluisset,
1113 2527 1202 2598 ad
1232 2548 1506 2599 causam
1541 2527 1977 2621 purgandam
2038 2550 2271 2598 coram
2298 2526 2659 2597 iudicibus
2708 2526 2843 2595 hoc

593 2667 1032 2717 asseverasse
1095 2669 1110 2713 t
1172 2642 1255 2731 μή
1321 2644 1708 2740 χρηματίζειν
1751 2642 1842 2712 το“ν
1902 2621 2025 2711 θεὸν
2077 2642 2317 2711 καθόλου
2371 2643 2504 2738 περὶ
2559 2640 2833 2733 θανάτου,

594 2771 944 2855 testesque
1026 2760 1330 2832 Graecos
1406 2760 1809 2853 produxisse
1893 2768 2219 2854 quotquot
2296 2760 2547 2831 iudicio
2640 2760 2839 2830 inte-

594 2889 888 2950 ressent.
935 2876 1089 2972 Περὶ
1145 2878 1390 2946 θανάτου
1439 2876 1605 2970 quid
1660 2875 1794 2947 sibi
1854 2876 2046 2965 velit,
2082 2899 2213 2969 ego
2246 2899 2385 2948 non
2422 2875 2837 2969 intellegere

596 2992 841 3066 fateor.
895 2994 968 3063 Si
1005 2992 1090 3065 de
1121 2993 1327 3065 caede
1357 2992 1579 3085 Regis
1627 2997 1984 3085 ageretur,
2026 3034 2120 3045 —
2145 2992 2231 3063 cle
2259 3014 2391 3087 qua
2420 2992 2835 3086 cogitavisse

592 3110 968 3182 Teribazus
994 3109 1272 3204 quidem
1301 3132 1440 3179 non
1469 3108 1748 3198 dicitur,
1778 3152 1872 3163 —
1897 3108 2030 3203 περὶ
2052 3106 2244 3205 φόνου,
2269 3132 2405 3180 non
2428 3097 2561 3203 περὶ
2586 3108 2833 3175 θανάτου

591 3225 1039 3297 scribendum
1095 3234 1291 3314 erat;
1352 3225 1742 3323 speravisse
1795 3234 2031 3298 autem
2076 3225 2483 3296 Teribazum
2542 3223 2693 3296 fore
2760 3229 2832 3294 ut

589 3344 751 3417 Rex
787 3342 980 3412 brevi
1011 3349 1398 3413 moreretur
1443 3351 1511 3412 et
1552 3364 1635 3413 ex
1681 3341 1939 3435 Pythia
1982 3340 2344 3434 rogavisse
2383 3364 2549 3412 num
2588 3360 2830 3411 revera

594 3458 968 3530 moriturus
997 3467 1202 3546 esset,
1239 3456 1414 3527 nihil
1443 3466 1548 3529 est
1577 3481 1869 3550 prorsus
1914 3482 2037 3529 cur
2090 3456 2479 3528 credamus,
2538 3458 2829 3543 Quamo-

591 3574 786 3647 brem
838 3598 962 3668 pro
1010 3574 1143 3669 περὶ
1185 3572 1432 3644 θανάτου
1498 3573 1661 3646 olim
1730 3574 2062 3669 scriptum
2128 3572 2350 3645 fuisse
2414 3559 2824 3645 crediderim

586 3691 718 3787 περὶ
775 3690 1045 3781 ἀθεμίτου
1069 3715 1089 3782 ;
1158 3692 1255 3761 ita
1305 3699 1380 3762 ut
1438 3690 1691 3762 saeculi
1756 3687 1850 3761 1vi
1921 3690 2119 3760 initio
2205 3690 2387 3760 inter
2467 3690 2824 3785 plerosque

591 3808 973 3881 constiterit
1002 3830 1142 3878 non
1169 3808 1256 3879 de
1285 3807 1525 3902 quovis
1548 3806 1832 3879 consilio
1862 3804 1968 3877 fas
1999 3804 2272 3878 oracula
2303 3804 2521 3878 adire.

687 3925 847 4019 Age
886 3946 1050 4020 vero
1073 3945 1553 3995 recenseamus
1584 3944 1789 4018 quam
1831 3944 2041 4018 saepe
2079 3922 2453 4015 scriptores
2480 3930 2823 4014 testentur

589 4041 956 4137 quemdam
983 4038 1395 4134 impunitum
1433 4039 1799 4110 inhoneste
1826 4037 2579 4131 deosinterrogavisse.
2614 4036 2821 4131 Argi-

590 4180 716 4229 vos
737 4156 1132 4229 Herodotus
1159 4164 1401 4227 narrat
1428 4154 1622 4253 (VII.
1658 4152 1855 4244 148),
1890 4156 2157 4248 persico
2186 4153 2368 4224 bello
2390 4154 2813 4241 imminente,

586 4295 627 4345 a
669 4273 925 4367 Pythia
962 4293 1112 4343 esse
1150 4272 1531 4342 sciscitatos
1562 4295 1730 4341 num
1757 4270 2113 4366 expediret
2150 4270 2453 4341 Graecos
2493 4270 2815 4359 adiuvare

585 4413 711 4484 pro
749 4386 1071 4461 libertate
1095 4387 1441 4460 communi
1469 4397 1857 4477 certantes3
1902 4387 2144 4460 Cretes
2170 4385 2356 4458 haud
2392 4384 2592 4459 aliter
2620 4386 2805 4478 (VII.
