2975 5217
1079 497 1165 509 .-
1215 458 1301 524 49
1348 496 1436 509 ..-

85 592 460 662 homines
502 588 849 675 nonnulli,
892 585 1322 679 impudentia
1359 585 1751 656 laborantes
1786 594 1853 655 et
1900 587 2394 659 sanctimoniae

87 729 382 801 parum
431 705 711 793 curiosi,
747 727 874 797 per
898 702 1396 773 divinationem
1440 701 1790 772 licentiam
1825 699 2021 793 leges
2066 725 2394 795 perrum-

14 907 22 916 ,
91 823 340 916 pendi
383 842 796 915 comparare
836 818 967 889 sibi
1011 825 1455 889 conarentur.
1509 816 1680 889 Tale
1734 816 1901 912 quid
1950 818 2021 887 in
2077 817 2399 907 Odyssea

93 938 654 1033 Amphinomus
702 933 967 1023 suadet,
1015 934 1245 1026 procis
1291 934 1364 1003 in
1402 932 1807 1004 Telemachi
1852 942 2056 1027 caput
2104 934 2395 1007 insidias

93 1052 724 1127 constituentibus
764 1051 998 1148 (XVI,
1044 1074 1114 1124 v.
1154 1048 1300 1122 400
1338 1072 1442 1144 sq.
1454 1051 1546 1141 ):

452 1264 500 1303 ω
529 1232 708 1331 φιλοι,
740 1233 842 1301 οὐκ
880 1229 953 1299 ἂν
981 1230 1099 1326 ἐγω
1123 1257 1189 1325 γε
1226 1229 1619 1299 κατακτεῖνειν
1644 1220 1892 1318 ἐθέλοιμι

439 1350 826 1446 Τηλέμαχον·
877 1346 1059 1416 δεινὸν
1090 1346 1152 1414 δέ
1181 1344 1679 1441 γένοςβασιλῆιόν
1717 1346 1873 1416 ἐστιν

436 1467 696 1536 κτείνειν·
736 1464 895 1533 α’λλοὶ
916 1469 1123 1558 πρῶτα
1159 1467 1304 1531 θεῶν
1341 1460 1640 1558 εἰρώμεθα
1670 1462 1916 1547 βουλάς.

448 1582 524 1652 Εἰ
554 1581 664 1672 μέν
692 1582 747 1647 κ’
772 1580 1064 1655 αἰνήσωσι
1095 1577 1239 1657 Διὸς
1265 1579 1534 1674 μεγάλοιο
1580 1579 1866 1668 θέμιστες,

449 1696 619 1775 αὐτός
656 1725 717 1768 τε
762 1695 969 1766 κτενέω
997 1693 1123 1773 τούς
1149 1696 1200 1763 τ’
1233 1692 1437 1774 ἄλλους
1463 1694 1689 1773 πάντας
1718 1694 1951 1774 ἀνώξω·

451 1813 506 1881 εἷ
533 1812 595 1881 δέ
624 1815 681 1879 κ’
715 1806 1098 1907 ἀποτρωπῶσι
1128 1811 1270 1900 θεοί,
1315 1809 1666 1881 παύσασθαι
1698 1808 1929 1907 ἄνωγα.

131 1998 692 2092 Serioribusque
787 1998 1191 2090 graecitatis
1281 1997 1734 2089 temporibus,
1823 1998 1883 2067 si
1974 1997 2216 2092 cynico
2305 1994 2402 2065 illi

137 2113 570 2209 philosopho
594 2114 934 2184 credimus
967 2135 1172 2208 quem
1194 2111 1610 2184 Plutarchus
1642 2112 1714 2183 in
1747 2112 1962 2184 libelli
1976 2114 2088 2184 De
2114 2114 2407 2207 defectu

143 2229 638 2302 oraculorum
679 2250 828 2323 cap.
863 2231 909 2300 7
939 2227 1398 2300 disserentem
1435 2226 1661 2315 facit1‚
1691 2228 2017 2322 permulti
2046 2230 2131 2302 de
2158 2230 2411 2303 talibus

143 2344 472 2417 consiliis
519 2345 901 2439 inceptisve
938 2344 1220 2427 oracula
1262 2342 1714 2416 consulebant
1760 2340 1937 2440 quae
1981 2369 2213 2420 coram
2245 2371 2413 2419 sene

151 2464 442 2553 aperire
490 2459 768 2533 eosdem
811 2469 998 2532 certe
1045 2460 1425 2555 puduisset,
1473 2458 1650 2548 deis,
1700 2471 1776 2532 ut
1824 2462 2123 2551 videtur,
2183 2463 2415 2558 turpia

154 2574 288 2647 illa
333 2586 578 2669 rogata
605 2576 772 2647 satis
808 2574 1115 2669 benigne
1134 2575 1658 2670 excipientibus
1694 2577 1915 2661 Quam
1946 2576 2184 2650 sedulo
2214 2586 2408 2667 v'er0,

158 2690 336 2763 dum
366 2692 662 2763 Graecia
687 2691 1006 2779 florebat,
1044 2692 1507 2763 maximorum
1538 2693 1781 2763 saltem
1805 2694 2244 2765 oraculorum
2273 2696 2414 2766 mi·-

159 2807 379 2878 nistri
405 2808 662 2878 nimiae
705 2807 1011 2881 lenitatis
1039 2805 1294 2878 famam
1325 2806 1642 2899 effugere
1683 2808 2099 2899 studuerint,
2131 2834 2257 2882 nos
2285 2810 2416 2883 do-

163 2945 334 2995 cere
356 2931 645 3017 possunt
673 2922 1008 2994 Herodoti
1036 2924 1471 2995 narrationes
1502 2923 1587 2993 de
1611 2922 1871 2995 Glauco
1893 2932 1961 2995 et
1986 2924 2411 2998 Aristodico.

169 3038 438 3110 Glauco
457 3039 791 3134 Epycidis
819 3038 960 3109 filio
983 3038 1350 3131 SpartanO,
1371 3039 1577 3109 deum
1593 3039 2059 3133 interroganti
2090 3042 2246 3132 (sub
2275 3041 2421 3114 bel-

168 3154 400 3225 lorum
425 3155 850 3249 persicorum
893 3156 1192 3249 tempus)
1234 3176 1325 3225 an
1352 3154 1770 3249 depositum,
1805 3155 1985 3250 quod
2013 3157 2417 3251 accepisset,

175 3270 525 3365 accepisse
587 3292 741 3342 sese
789 3278 1107 3363 negaret,
1167 3279 1236 3340 et
1284 3270 1737 3342 iureiurando
1790 3273 2152 3365 pecuniam
2208 3297 2423 3377 prae—

185 3386 502 3476 daretur,
535 3386 797 3481 Pythia
823 3386 935 3456 his
963 3385 1284 3506 versibus
1314 3382 1756 3481 respondisse
1791 3386 2016 3459 fertur
2051 3386 2201 3485 (VI.
2237 3388 2419 3487 86).

479 3556 699 3631 Γλαῦκ’
731 3559 1151 3648 Ἐπικυδειὸη,
1185 3587 1246 3629 το
1296 3561 1407 3650 μὲν
1445 3560 1663 3630 αὐτίκα
1690 3556 2005 3656 κέρδιον“
1940 3588 2114 3652 ουτω,

474 3676 629 3772 ὅρκῳ
649 3672 914 3767 νικῆσαι,
949 3678 1053 3745 καὶ
1081 3676 1370 3774 χρήματα
1396 3675 1788 3751 ληΐσσασθαι.

481 3794 738 3883 ”Ομνυ’,
772 3794 895 3863 ἐπεὶ
931 3792 1171 3871 θάνατός
1200 3819 1267 3888 γε
1289 3793 1392 3861 καὶ
1430 3792 1656 3888 εὔορκον
1685 3791 1844 3883 μένει
1876 3792 2095 3889 ἄνδρα.

272 4020 290 4053 ¹
322 4015 626 4079 τούναντίον
652 4021 680 4077 δ
701 4022 856 4097 ’ὑμῖν
887 4017 991 4097 ἐγὼ
1021 4018 1316 4100 προὸάλλω
1357 4021 1701 4101 διαπορῆσαι,
1736 4025 1850 4083 πῶς
1907 4016 2100 4097 οὐχὶ...
2153 4019 2433 4100 Ἡρακλῆς

198 4101 340 4177 αὖθις
393 4108 429 4186 ἤ
458 4132 536 4176 τις
588 4107 753 4175 ἄλλος
795 4113 930 4167 θεῶν
960 4110 1244 4167 ὑπέσπακε
1272 4107 1362 4165 τὸν
1392 4108 1622 4187 τρίποδα
1644 4107 2166 4185 καταπιμπλάμενον
2198 4106 2435 4187 αἰσχρῶν

196 4198 280 4257 καὶ
308 4195 486 4259 ἀθέων
511 4198 907 4279 ἐρωτημάτων,
943 4197 978 4255 ἃ
1006 4206 1084 4276 τῷ
1115 4201 1218 4275 θεῷ
1263 4193 1677 4275 προὸάλλουσιν,
1723 4200 1773 4253 οῖ
1801 4195 1897 4272 μὲν
1926 4198 1999 4261 ὡς
2044 4205 2299 4277 σοφιστοῦ
2324 4197 2435 4255 διοί-

197 4311 376 4370 πειραν
402 4285 786 4365 λαμὸάνοντες,
818 4291 866 4346 οἱ
897 4286 954 4344 δὲ
973 4282 1090 4365 περὶ
1119 4288 1403 4360 θησαυρῶν
1431 4280 1468 4358 ἢ
1509 4284 1879 4362 κληρονομιῶν
1910 4280 1947 4359 ἢ
1978 4283 2170 4362 γάμων
2198 4289 2439 4364 παρανό,

203 4400 316 4455 μων
349 4378 704 4464 διερωτῶντες
727 4376 852 4437 κτλ.
1838 4416 1843 4421 ·
