2975 5217
1589 454 1943 519 ..64-

645 600 960 691 aderant,
1002 623 1126 693 per
1179 623 1418 671 omnes
1447 600 1597 670 vati
1637 599 1887 669 licebat
1932 599 2273 670 mendacii
2321 598 2583 669 crimen
2623 596 2881 669 dissol—

645 739 839 805 vere,
891 714 1152 810 aliquid
1197 714 1376 785 male
1423 726 1701 807 gestum
1750 738 1903 785 esse
1948 714 2060 785 vel
2103 714 2517 785 monstranti
2548 712 2662 784 vel
2692 735 2878 784 asse-

643 831 912 904 veranti
926 887 941 903 .

740 1080 1212 1154 Artificiorum
1241 1107 1506 1177 genera
1531 1083 1664 1154 duo
1692 1081 2143 1152 usitatissima
2166 1080 2300 1151 iam
2332 1078 2544 1149 habes
2562 1078 2637 1147 in
2665 1078 2872 1147 lucem

645 1196 936 1288 prolata.
997 1198 1164 1271 Alia
1217 1199 1509 1270 minoris
1549 1198 1753 1291 pretii
1783 1196 2117 1290 exemplis
2161 1195 2393 1290 paucis
2430 1194 2865 1265 illustremus,

744 1312 966 1383 Valde
1041 1314 1511 1385 memorabilia
1579 1335 1754 1408 quae
1817 1313 1901 1382 de
1964 1311 2245 1382 oraculo
2300 1310 2639 1402 Delphico
2724 1334 2759 1377 ((
2822 1294 2868 1375 τὲ

643 1426 1010 1526 Πελαργικὸν
1034 1428 1221 1523 ’ἀργὸν
1257 1426 1490 1520 ἄμεινον
1541 1453 1577 1499 ))
1636 1427 2079 1522 Thucydides
2108 1427 2408 1519 disputat
2436 1427 2557 1517 (II.
2603 1426 2712 1495 17.
2749 1422 2818 1520 2)
2850 1448 2861 1491 ε

642 1541 748 1609 καί
786 1571 880 1631 μοι
929 1541 1077 1611 δοκεῖ
1115 1546 1194 1613 -τό
1245 1540 1514 1635 μαντεῖον
1560 1543 1878 1614 τούναντίον
1932 1536 2222 1633 ξυμὸἦναι
2267 1538 2307 1615 ἢ
2353 1539 2781 1637 προσεδέχοντο·
2818 1526 2867 1605 οὗ

641 1657 760 1753 γάρ
820 1657 922 1725 διὰ
960 1661 1062 1734 τήν
1098 1662 1433 1757 παράνομον
1486 1660 1776 1735 ἐνοίκησιν
1828 1658 1891 1726 αἱ
1947 1656 2239 1754 ξυμφοραὶ
2288 1656 2558 1752 γενέσθαι
2598 1651 2667 1748 τῇ
2703 1653 2859 1742 πόλει,

572 1774 578 1777 *
645 1770 797 1839 ἀλλά
841 1772 943 1841 διαὶ
991 1775 1084 1844 τὸν
1126 1772 1362 1866 πόλεμον
1410 1774 1448 1849 ἡ
1507 1774 1737 1869 ἀνάγκη
1787 1768 1888 1851 τῆς
1937 1772 2242 1851 οἷκήσεως.
2302 1772 2609 1861 Etenim,
2654 1795 2692 1842 a
2752 1794 2862 1865 quo

645 1890 997 1962 oraculum
1045 1893 1307 1963 editum
1364 1892 1517 1981 fuit,
1570 1914 1695 1985 pro
1741 1900 1929 1962 certo
1970 1884 2317 1983 praesumi
2355 1896 2622 1983 poterat
2655 1886 2863 1958 Athe-

613 2005 950 2092 ·nienseS,
985 2030 1120 2102 qua
1167 2008 1510 2101 religione
1553 2016 1717 2099 tunc
1758 2007 2088 2099 temporis
2128 2016 2352 2093 erant,
2406 2027 2547 2107 non
2597 2003 2729 2073 nisi
2766 2002 2860 2073 vel

643 2122 999 2195 obsidione
1026 2123 1138 2195 vel
1166 2123 1307 2195 alia
1337 2124 1633 2220 quadam
1666 2123 2061 2195 calamitate
2088 2128 2380 2212 cogente
2402 2120 2476 2189 in
2513 2116 2857 2208 Pelargico

645 2260 796 2308 esse
834 2237 1308 2331 habitaturos3
1366 2241 1461 2311 ita
1502 2248 1576 2310 ut
1625 2262 1859 2309 rerum
1895 2232 2288 2308 futurarum
2340 2258 2494 2307 cum
2556 2254 2857 2327 responso

641 2355 1168 2445 congruentiam
1201 2355 1593 2427 sacerdotes
1629 2354 1763 2447 ipsi
1808 2350 2289 2465 respondendo
2326 2351 2525 2446 quasi
2556 2370 2855 2421 necessa-

645 2468 816 2539 riam
869 2470 1253 2542 effecerint.
1312 2470 1651 2542 Eamdem
1695 2468 1840 2540 fere
1900 2468 2254 2539 solertiam
2303 2466 2533 2559 prodit
2582 2464 2855 2536 narratio

643 2584 729 2655 de
780 2585 1170 2681 Tirynthiis
1235 2610 1438 2681 quam
1498 2610 1581 2659 ex
1644 2584 2126 2679 Theophrasto
2196 2582 2607 2654 Athenaeus
2669 2578 2852 2651 refert

645 2699 742 2797 (p.
785 2700 919 2773 261
953 2701 1108 2793 DE)
1148 2725 1165 2772 :
1221 2701 1575 2796 Tirynthii
1606 2700 1820 2788 enim,
1864 2699 1953 2769 ad
1989 2699 2206 2769 risum
2247 2696 2615 2769 immodice
2647 2695 2847 2791 proni,

643 2816 967 2911 aPythia
997 2818 1342 2911 quondam
1363 2817 1751 2889 remedium
1790 2814 1950 2886 mali
1980 2822 2483 2909 poposcerunt3
2530 2810 2848 2905 respondit
2934 2899 2941 2920 ⁴

642 2931 894 3027 Pythia
921 2930 1072 3003 fore
1108 2941 1181 3003 ut
1221 2933 1392 3005 vitio
1437 2933 1912 3004 liberarentur
1954 2932 2009 3000 si
2058 2931 2382 3024 Neptuno
2416 2940 2687 3000 taurum
2721 2925 2849 2997 sine

641 3046 804 3117 risu
855 3047 1477 3133 sacrificavissent;
1536 3049 1667 3119 hoc
1719 3050 1946 3141 ipsum
2004 3069 2169 3117 vero
2216 3046 2400 3140 quod
2440 3044 2715 3115 iubebat
2756 3041 2848 3111 vix

643 3171 913 3256 poterat
951 3164 1105 3235 fieri
1143 3164 1278 3236 nisi
1317 3173 1555 3235 curato
1595 3166 1731 3235 iam
1768 3164 1961 3255 prius
1986 3163 2155 3233 vitio
2194 3161 2280 3232 de
2318 3184 2452 3255 quo
2506 3160 2840 3253 agebatur.

639 3280 1078 3351 Invenustius
1112 3280 1439 3352 inversae
1491 3302 1741 3352 causae
1787 3286 1855 3350 et
1904 3278 2187 3349 effectus
2219 3277 2406 3375 vices
2438 3276 2514 3347 in
2544 3276 2695 3347 aliis
2723 3274 2843 3344 his-
2880 3321 2884 3327 -

641 3394 841 3466 toriis
872 3404 1210 3489 apparent
1249 3422 1265 3467 :
1327 3396 1425 3467 sic
1461 3395 1695 3467 Meliis
1738 3396 2035 3466 suadere
2081 3403 2158 3465 ut
2192 3394 2264 3463 in
2302 3417 2382 3463 eo
2425 3393 2575 3464 loco
2610 3391 2846 3463 consis-

640 3517 872 3582 terent
911 3510 1032 3582 ubi
1065 3541 1100 3578 «
1139 3519 1595 3603 gestatores»
1658 3510 1758 3608 (id
1810 3517 1913 3581 est
1957 3532 2167 3581 naves
2211 3508 2400 3605 suas)
2430 3503 2839 3591 amisissent¹,

641 3648 1235 3718 supervacaneum
1264 3628 1423 3718 fuit,
1477 3651 1632 3698 cum
1672 3629 1820 3698 sine
1852 3625 2143 3697 navibus
2176 3649 2315 3697 non
2354 3626 2493 3696 iam
2531 3622 2843 3717 potuerint

644 3742 814 3813 alias
853 3742 1051 3814 sedes
1081 3766 1441 3838 quaerere.
2118 3754 2121 3757 ’

738 3857 851 3929 Ad
909 3858 1360 3952 simpliciores
1404 3867 1595 3931 artes
1646 3859 1969 3931 deveniO.
2034 3857 2481 3930 Perc'ontanti
2532 3850 2840 3951 Polycrati

642 3975 939 4063 cuidam,
977 3973 1380 4045 thesaurum
1405 3975 1706 4047 Plataeis
1735 3998 1776 4046 a
1811 3976 2050 4046 Persis
2080 3973 2435 4046 defossum
2475 3973 2591 4045 ubi
2613 3983 2678 4044 et
2700 3992 2842 4066 quo-

642 4090 844 4161 modo
876 4089 1204 4181 detegere
1234 4099 1491 4184 posset,
1528 4091 1971 4184 respondisse
2000 4091 2171 4163 deus
2207 4091 2622 4162 narrabatur
2672 4110 2687 4159 :
2741 4110 2772 4154 «
2796 4084 2839 4153 si

724 4338 741 4371 ¹
772 4336 963 4406 Plut.,
995 4338 1090 4396 De
1121 4339 1271 4397 virt.
1307 4338 1595 4409 mulier„
1630 4338 1692 4396 7.
