2975 5217
1067 460 1425 525 -71-

77 622 514 676 assessores
543 601 900 693 fuerunt¹‚
943 604 1031 675 ad
1085 603 1258 676 alios
1305 626 1480 700 quos
1520 602 1991 675 sacerdotibus
2021 601 2371 675 adstitisse

74 718 504 791 verisimile
561 729 690 809 est,
755 730 826 793 et
866 720 1048 793 unde
1097 720 1353 816 sumpti
1405 720 1545 792 sint
1590 720 1789 814 plane
1844 722 2255 813 ignoramus
2303 727 2369 790 et

74 858 292 929 quam
329 835 760 908 diuturnum
786 860 1035 909 munus
1067 836 1390 908 obierint.
1419 836 1592 910 Utut
1615 859 1781 908 vero
1803 836 1888 908 de
1910 859 1987 907 re
2015 834 2364 922 iudicari8‚

75 972 218 1021 non
285 952 409 1024 ita
466 976 792 1047 magnam
837 953 1132 1025 nocendi
1164 951 1565 1025 facultatem
1601 952 2009 1046 extispicina
2050 962 2117 1025 et
2149 973 2370 1047 pyro-

76 1068 376 1140 mancia
450 1068 866 1143 factionibus
919 1069 1246 1141 videntur
1311 1068 1883 1164 suppeditavisse.
1949 1069 2099 1142 Hoc
2180 1069 2363 1144 enim

75 1183 316 1279 primo
394 1186 776 1260 tenendum
853 1197 988 1277 est,
1061 1207 1417 1258 sacrorum
1481 1186 1660 1258 ritus
1706 1209 1842 1258 non
1902 1185 2075 1259 ade'o
2152 1185 2369 1263 fuisse

76 1322 404 1375 arcanos
445 1312 522 1375 ut
551 1305 735 1376 circa
771 1302 850 1373 τά·
895 1303 1130 1399 σφάγια
1156 1301 1259 1369 καὶ
1296 1302 1370 1371 τά
1411 1299 1544 1397 ἱερά
1582 1303 1861 1397 impune
1885 1300 2063 1375 falsa
2105 1303 2369 1377 referre

79 1417 379 1492 divinus
407 1443 620 1515 saepe
638 1418 962 1515 potuerit.
988 1420 1232 1515 Neque
1246 1420 1599 1514 haruspici
1627 1442 1929 1515 unquam
1953 1422 2368 1515 permissum

79 1536 429 1611 videmus
487 1551 562 1612 ut
613 1562 872 1633 magna
922 1539 1205 1631 negotia
1254 1538 1442 1611 solus
1501 1538 1896 1611 conficeret.
1962 1540 2365 1613 Contionem

84 1652 152 1724 in
177 1658 588 1729 crastinam
620 1656 804 1730 diem
829 1656 1120 1746 differri,
1165 1656 1573 1752 plerumque
1601 1657 1805 1751 parvi
1836 1657 2163 1751 ponderis
2202 1656 2359 1751 fuit3

85 1771 405 1847 minoris
472 1775 707 1863 etiam,
772 1775 1080 1847 theoriae
1146 1796 1385 1847 sacrae
1451 1774 1685 1847 itineri
1748 1774 2025 1846 interici
2104 1797 2367 1847 moram

87 1893 430 1983 quamvis
469 1914 834 1987 magnam3
866 1914 1021 1983 nec,
1058 1890 1188 1964 sub
1215 1892 1425 1962 finem
1462 1891 1687 1963 libelli
1708 1892 1801 1963 de
1850 1891 2363 1985 Vectigalibm,

93 2008 174 2081 de
199 2010 505 2105 legibus
540 2010 922 2084 retinendis
971 2019 1087 2082 aut
1135 2009 1585 2081 immutandis
1638 2019 1877 2081 auctor
1929 2033 2055 2104 per
2098 2011 2361 2083 hostias

89 2128 608 2201 consulendum
659 2128 853 2216 dixit,
909 2126 1032 2199 sed
1079 2126 1165 2200 de
1214 2135 1552 2221 tempore,
1579 2126 1653 2197 ni
1698 2125 1927 2215 fallor,
1967 2151 2100 2222 quo
2145 2150 2366 2199 novas

93 2240 328 2335 legeS‚
356 2268 402 2317 a
431 2245 689 2341 Pythia
717 2244 979 2315 dudum
1009 2247 1096 2338 ap
1103 2242 1447 2338 probataS,
1483 2242 1941 2337 promulgare
1968 2254 2035 2315 et
2057 2244 2362 2339 experiri

97 2358 601 2450 conveniret23
663 2363 759 2432 ita
824 2369 925 2451 ut,
997 2362 1056 2432 si
1112 2384 1251 2433 non
1331 2360 1568 2433 statim
1616 2358 1868 2432 fuisset
1926 2359 2229 2446 litatum,
2290 2362 2361 2431 in

96 2475 384 2572 incepto
439 2487 671 2551 tamen
725 2479 918 2550 cives
979 2487 1495 2571 permanerent.
1569 2476 1709 2547 Ubi
1762 2500 1929 2548 vero
2004 2476 2077 2547 in
2150 2477 2364 2548 sacris

83 2594 482 2667 ’ordinariis
509 2593 882 2690 καλλιὲρησις
911 2604 1444 2689 perseveranter
1474 2594 1737 2681 deerat,
1766 2594 1854 2665 ad
1902 2592 2183 2665 oracula
2212 2593 2362 2665 sine

100 2708 310 2783 dubio
353 2711 915 2805 confugiebatur,
956 2733 1130 2806 quae
1175 2710 1486 2783 dicerent
1524 2709 1693 2806 quid
1740 2708 2087 2803 agendum
2132 2718 2356 2801 esset3

102 2826 331 2899 rarius
378 2827 468 2900 ab
517 2828 686 2923 ipsis
746 2827 994 2899 divinis
1048 2827 1349 2921 legimus
1390 2836 1710 2920 apertum
1742 2824 1958 2898 fuisse
2008 2826 2353 2922 quodnam

99 2942 491 3034 periculum
541 2953 703 3017 exta
737 2941 1297 3038 portenderent³.

181 3190 201 3225 ¹
233 3192 467 3266 Cicer„
491 3196 535 3255 l.
562 3196 608 3258 l.

179 3280 202 3315 ²
224 3283 327 3343 De
356 3286 613 3359 vecti9„
637 3283 747 3343 VI.
775 3283 926 3342 2-3:
952 3282 1022 3340 Εἴ
1048 3305 1110 3357 γε
1141 3277 1250 3361 μὴν
1270 3289 1446 3339 ταῦτα
1469 3280 1656 3351 δόξειεν
1674 3285 1798 3360 ὑμῖν
1818 3281 2095 3364 πράττειν,
2120 3276 2360 3359 συμόου-

106 3367 370 3453 λεύσαιμ’
407 3370 470 3433 ἂν
503 3372 678 3451 ’ἑγωγε
696 3374 1020 3453 πέμψαντας
1051 3369 1142 3430 καὶ
1173 3370 1245 3438 εἷς
1275 3371 1546 3448 Δωδώνην
1577 3369 1668 3431 καὶ
1704 3372 1775 3438 εἷς
1806 3370 2047 3455 Δελφοὺς
2076 3372 2357 3454 ἐπέρεσθαι

106 3459 222 3528 τοὺς
253 3462 406 3530 θεοὺς
463 3462 508 3521 εἰ
552 3462 694 3543 λῷον
745 3460 834 3521 καὶ
865 3460 1082 3541 ἄμεινον
1113 3462 1199 3539 εἴη
1237 3469 1309 3542 τῇ
1365 3461 1519 3519 πόλει
1556 3460 1697 3520 οὕτω
1734 3463 2240 3553 κατασκευαζομένῃ
2265 3459 2355 3522 καὶ

110 3547 303 3613 αυτίκα
325 3550 416 3613 καὶ
448 3551 520 3619 εἷς
553 3522 698 3611 18st
676 3575 862 3611 επειτα
893 3554 1108 3633 χρόνον.
1138 3550 1203 3609 Et
1234 3552 1290 3609 δὲ
1312 3559 1487 3610 ταῦτα
1516 3573 1667 3610 συναι
1670 3560 1827 3628 νοῖεν,
1851 3554 1981 3610 τότ’
2003 3548 2067 3611 οἱν
2096 3554 2163 3611 αὐ
2174 3558 2355 3661 ’φαίην

108 3648 302 3721 χρῆναι
335 3644 608 3725 ἐπερωτᾶν
663 3646 814 3708 τίνας
869 3646 1000 3700 θεῶν
1035 3644 1478 3723 προσποιούμενοι
1526 3650 1703 3699 ταῦτα
1732 3642 2002 3701 κάλλιστα
2033 3638 2185 3703 κᾱὶ’
2165 3640 2355 3723 οίριστα

109 3731 430 3813 πράττοιμεν
459 3730 544 3793 ἄν.
571 3734 683 3797 Οὓς
711 3732 772 3789 δ’
799 3726 1041 3791 ἀνέλοιεν
1062 3730 1230 3803 θεοὺς,
1264 3734 1470 3797 τούτοις
1504 3729 1640 3797 εἰκὸς
1663 3728 2182 3813 καλλιερήσαντας”
2148 3753 2183 3789 α
2194 3754 2355 3813 ρχε-

115 3822 258 3879 σθαι
294 3830 408 3882 τοῦ
447 3821 666 3903 ἔργου.

185 3907 209 3943 ³
239 3912 606 3989 Exemplum
659 3910 906 3987 praebet
931 3909 1286 3989 Xenophon,
1316 3909 1606 3981 Hellen,
1647 3910 1762 3971 III.
1813 3910 1873 3970 3.
1898 3916 1971 3970 43
2015 3912 2231 3976 θύοντος
2257 3917 2351 3969 τοῦ·

133 3995 455 4079 Ἁγησιλάου
497 4007 606 4058 τῶν
634 3998 978 4079 τεταγμένων
1001 4023 1120 4060 τινα
1148 4002 1392 4059 θυσιῶνε
1372 4000 1503 4082 υπὲρ
1543 4006 1643 4075 τῆς
1670 4000 1903 4071 πόλεως,
1935 3993 2078 4059 εἶπεν
2107 4004 2135 4058 ὃ
2166 3999 2353 4081 μάντις

116 4084 188 4146 ὅτι
220 4089 509 4169 ἐπιδουλήν
551 4112 745 4151 τινα...
796 4095 1030 4173 φαίνοιεν
1079 4094 1128 4149 οἱ
1169 4094 1280 4149 θεοί
1315 4086 1572 4167 (scilicet
1600 4088 1921 4147 Cinadonis
1940 4086 2239 4160 insidias).
2272 4122 2351 4133 -

119 4174 278 4238 Unde
301 4178 596 4241 sciverint
621 4178 1082 4239 Lacedaemonii
1111 4193 1354 4236 causam
1381 4193 1515 4235 esse
1540 4176 1849 4253 Talthyhii
1869 4178 2021 4239 iram
2034 4194 2145 4235 cur
2161 4178 2351 4253 Spar-

119 4269 202 4325 tae
239 4288 353 4329 non
373 4268 794 4347 perlitaretur,
822 4267 1170 4328 Herodotus
1201 4282 1316 4323 non
1347 4265 1843 4325 commemoravit
1875 4264 2041 4343 (VII.
2075 4264 2237 4344 134).
