2975 5217
1569 507 1654 523 --
1701 466 1793 535 22
1836 506 1925 523 -.

633 601 959 685 Euadnes
1026 610 1217 695 pater
1284 601 1725 693 PindaricuS,
1799 613 2153 699 comperto
2226 605 2438 696 filiam
2507 604 2919 700 innuptam

630 725 905 791 uterum
939 740 1218 811 gerere,
1257 719 1563 813 Delphos
1598 718 1787 791 illico
1826 743 1903 792 se
1944 717 2261 805 confert3
2298 744 2462 793 num
2491 743 2661 793 vero
2698 743 2915 815 per-

627 841 1026 907 contaturus
1078 834 1242 931 quid
1292 844 1611 930 nepotem
1663 826 1991 909 maneat?
2037 821 2330 909 Minime
2352 862 2374 929 3
2432 838 2555 909 sed
2614 838 2906 933 potine,

624 952 855 1045 cred0‚
891 951 1144 1049 quibus
1173 953 1412 1046 poenis
1437 950 1655 1025 filiam
1696 951 2028 1024 mulctare
2063 952 2367 1025 debeat1.
2414 953 2899 1049 Amphitr-50,

623 1066 734 1139 cui
771 1067 953 1162 apud
983 1066 1305 1140 eumdem
1341 1078 1615 1164 poetam
1660 1065 1953 1166 (Nem.‚
1996 1068 2054 1157 Ι,
2091 1092 2159 1141 V.
2209 1069 2307 1141 60
2357 1068 2501 1167 sq.)
2541 1068 2907 1143 Herculis

619 1180 760 1256 fata
797 1182 1027 1255 adhuc
1067 1207 1108 1255 a
1157 1193 1361 1278 partu
1403 1185 1699 1257 recentis
1748 1184 2060 1256 Tiresias
2099 1186 2465 1279 expromit,
2506 1182 2902 1257 fatidicum

565 1342 568 1344 ‡
621 1322 859 1373 senem
899 1323 1038 1371 non
1064 1300 1356 1373 arcessit
1379 1299 1521 1372 nisi
1542 1310 1694 1396 post
1722 1324 2091 1397 oppressos
2132 1301 2217 1375 ab
2246 1299 2509 1374 infante
2537 1323 2833 1395 angues
2870 1324 2889 1371 :

619 1416 706 1489 de
741 1416 870 1490 hoc
897 1415 1160 1489 scilicet
1185 1417 1429 1490 anxius
1467 1416 1527 1487 τῖ
1557 1416 1701 1485 θέλει
1744 1416 1804 1488 τὸ
1831 1416 2007 1513 τέρας
2034 1414 2139 1485 καί
2167 1412 2251 1488 ὅτι
2280 1417 2401 1513 χρή
2430 1420 2635 1488 ποιεῖν.
2672 1418 2895 1489 Por-

621 1532 826 1605 tentis
855 1533 1093 1606 itidem
1124 1533 1238 1606 vel
1275 1534 1565 1607 somniis
1592 1534 1857 1607 turbati
1876 1543 2206 1629 parentes
2236 1532 2605 1623 Platonis2,
2643 1543 2894 1606 mater

615 1650 991 1746 Dionysii³,
1035 1650 1446 1745 Agathoclis
1499 1649 1749 1747 pater⁴,
1806 1662 2003 1727 etc...
2083 1650 2357 1722 divinos
2422 1649 2681 1723 adeunt
2736 1672 2891 1745 per

616 1790 789 1862 quos
825 1770 1034 1841 sortis
1066 1791 1441 1862 puerorum
1489 1768 1685 1864 quasi
1741 1767 1946 1839 inviti
1998 1766 2333 1839 certiores
2382 1764 2567 1839 fiunt
2588 1789 2609 1858 3
2662 1766 2887 1839 Eva-

613 1906 831 1978 gorae
859 1896 1126 1984 patrem
1156 1884 1574 1979 Cypriorum
1604 1884 1797 1978 regis
1827 1881 2034 1954 simili
2070 1881 2270 1955 modo
2300 1904 2377 1953 se
2404 1882 2734 1975 gessisse,
2778 1904 2881 1953 ex

612 2000 714 2072 eis
741 2023 915 2096 quae
944 2000 1186 2073 scribit
1213 2001 1555 2073 Isocrates
1585 1998 1957 2073 coniectari
1988 1995 2275 2091 potest⁵.
2311 1997 2744 2070 Vaticinium
2781 1999 2883 2071 de

611 2117 921 2207 Socrate,
972 2141 1013 2189 a
1066 2117 1440 2190 Plutarcho
1498 2105 1645 2188 solo
1691 2125 2177 2204 memoratum,
2236 2114 2599 2211 scriptoris
2637 2114 2877 2188 verba

611 2233 905 2305 suadent
954 2239 1029 2304 ut
1087 2232 1448 2328 quaerenti
1514 2230 1695 2326 patri
1758 2228 2110 2325 quomodo
2161 2252 2361 2325 puer
2424 2228 2876 2305 educandus

608 2349 868 2421 editum
894 2372 1048 2421 esse
1087 2344 1507 2423 credamus⁶.
1535 2346 1697 2420 Alia
1718 2347 1805 2418 de
1832 2345 2321 2434 Archilocho‘1,
2346 2346 2433 2417 de
2458 2345 2864 2441 Euripides,

608 2474 836 2555 etc...,
882 2466 1067 2561 apud
1097 2463 1398 2538 seriores
1441 2464 1814 2558 scriptores
1858 2462 2102 2551 relata,
2150 2467 2489 2557 quatenus
2529 2472 2866 2555 parentes

605 2580 886 2654 directis
930 2580 1165 2653 verbis
1208 2578 1669 2677 expetiverint
1720 2578 1833 2651 vel
1878 2576 2294 2673 expetivisse
2330 2575 2623 2670 putandi
2672 2576 2857 2666 sint,

684 2840 703 2878 ¹
732 2842 856 2914 Ol„
887 2844 999 2915 VI,
1032 2860 1094 2906 v.
1125 2844 1324 2903 37-38
1357 2863 1372 2903 ε
1405 2839 1530 2905 ἀλλ’
1554 2848 1583 2903 δ
1606 2842 1703 2923 μὲν
1732 2844 2041 2913 Πυθῶναδ’,
2075 2841 2130 2903 ἐν
2166 2846 2322 2923 θυμῷ
2350 2843 2561 2908 πιέσαις
2598 2839 2774 2921 χόλον
2813 2838 2827 2915 Ι

599 2929 660 2991 οὑ
692 2931 861 3015 φατὸν
889 2931 1029 3010 ὀξείᾳ
1056 2933 1278 3011 μελέτᾳ,
1311 2933 1475 3014 ᾤχετ’
1506 2930 1601 2994 ἷὼν
1634 2936 2055 3013 μαντευσόμενος
2082 2935 2326 2998 ταύτας
2368 2930 2514 3014 περ’
2554 2924 2857 2991 ἀτλάτου

598 3020 850 3088 πάθας.
1761 3058 1773 3067 -

675 3108 702 3144 ³
731 3110 957 3181 Cicer„
998 3111 1080 3170 de
1105 3110 1556 3188 Divinatione,
1594 3112 1643 3172 Ι.
1686 3110 1789 3173 36.

676 3197 704 3239 ³
729 3199 933 3271 Ibid„
964 3200 1014 3259 Ι.
1047 3199 1147 3260 20.

675 3286 700 3323 ⁴
726 3286 934 3362 Diod„
964 3289 1140 3351 XIX.
1171 3290 1232 3349 2.
1273 3289 1402 3351 2·3.

674 3374 698 3411 ⁵
723 3378 940 3448 Isocr„
971 3380 1328 3455 Evayoras,
1359 3378 1435 3439 9:
1479 3377 1598 3462 περὶ
1627 3378 1687 3439 οὗ
1715 3375 1811 3447 τὰς
1842 3378 1940 3461 μὲν
1976 3380 2159 3461 φήμας
2195 3376 2285 3439 καὶ
2314 3372 2411 3444 τὰς
2444 3380 2699 3457 μαντείας
2733 3377 2856 3438 καὶ

592 3461 710 3532 τὰς
761 3468 944 3548 ὄψεις
1002 3464 1126 3534 τὰς
1178 3468 1246 3527 ἐν
1293 3478 1429 3536 τοῖς
1480 3468 1722 3537 ὕπνοις
1777 3470 2187 3549 γενομένας,
2246 3467 2299 3538 ἒξ
2346 3464 2421 3525 ὧν
2470 3468 2726 3546 μειζόνως
2785 3465 2853 3528 ἂν

670 3577 697 3614 ν
986 3553 999 3578 l
1077 3554 1103 3577 Ἃ
1247 3558 1262 3581 9
1289 3556 1316 3579 Ἰ
1572 3603 1639 3619 ο..

593 3560 1047 3719 &ajax-rma<
1067 3580 1255 3723 ,28ὶῖἑέ
1281 3563 1600 3722 ἓέἓΐέῗιζ,
1644 3646 1726 3708 20
1903 3645 2084 3732 ὥσπερ
2114 3652 2143 3708 δ
2174 3646 2343 3715 δοθεὶς
2370 3648 2449 3707 ἐ’τι
2476 3646 2661 3713 παιδὸς
2690 3649 2849 3717 ὄντος

586 3731 752 3801 ,αὐτοῦ
787 3735 889 3814 (sc.
927 3737 1223 3812 Socratis)
1248 3744 1327 3817 τῷ
1355 3735 1515 3819 πατρὶ
1546 3738 1794 3821 χρησμὸς
1823 3734 2179 3799 ἀπεθέσπισεν
2202 3752 2219 3770 ·
2259 3737 2349 3797 ἐᾶν
2387 3732 2488 3819 γὰρ
2520 3732 2681 3796 αὑτὸν
2710 3736 2845 3797 ἐκέ-

589 3820 775 3886 λευσεν
803 3824 883 3883 ὅτι
913 3821 976 3883 ἂν
1007 3823 1090 3884 ἐπὶ
1117 3835 1237 3885 νοῦν
1265 3827 1327 3907 ’ίῃ
1353 3826 1629 3909 πράττειν,
1662 3826 1750 3887 καὶ
1780 3828 1919 3906 μηδὲ
1950 3825 2222 3909 βιάζεσθαι
2260 3826 2398 3907 μηδὲ
2418 3825 2679 3907 παράγειν
2710 3821 2849 3886 ἀλλ’

587 3912 781 3998 ἐφιέναι
810 3910 912 3992 τὴν
939 3912 1113 3995 ὀρμὴν
1142 3925 1238 3974 τοῦ
1266 3916 1473 3988 παιδός,
1501 3914 1792 3999 εὐχόμενον
1822 3916 1954 3998 ὑπὲρ
1978 3911 2141 3976 αὐτοῦ
2172 3912 2256 3974 Διὶ
2287 3912 2525 3997 ἀγοραίῳ
2554 3912 2646 3974 καὶ
2682 3916 2848 3975 Μού-

588 4029 726 4076 σαις,
757 4000 827 4063 τὰ
856 4002 1048 4065 δ’ἄλλα
1079 4000 1156 4084 μὴ
1186 4005 1655 4088 πολυπραγμονεῖν
1682 4004 1800 4088 περὶ
1834 4006 2179 4089 Σωκράτους,
2212 4001 2287 4071 ὡς
2316 4009 2601 4087 κρείττονα
2626 4005 2844 4082 δήπου-

585 4102 671 4157 θεν
691 4095 909 4175 ’ἑχοντος
935 4095 990 4154 ἐν
1016 4097 1163 4175 αὑτῷ
1196 4096 1402 4177 μυρίων
1433 4096 1774 4157 διδασκάλων
1803 4095 1893 4155 καὶ
1924 4097 2286 4177 παιδαγωγῶν
2320 4096 2565 4173 ἡγεμόνα
2597 4093 2727 4176 πρὸς
2745 4095 2842 4155 τὸν

626 4191 725 4247 ιὀν.

585 4192 618 4267 β
661 4272 684 4308 ⁷
711 4276 962 4349 Euseb.,
999 4276 1329 4351 Praepar.
1362 4276 1685 4352 evanyel„
1726 4275 1804 4337 V.
1834 4275 1933 4337 33.

661 4363 686 4399 ⁸
712 4363 890 4425 Ibid.
