2975 5217
935 468 1380 533 ,-39-

71 614 370 710 γίγνεται)
412 618 629 684 ποιοῦσι
672 616 830 703 κτλ,
873 613 928 682 τί
965 610 1036 680 ἄν
1079 611 1260 708 δρῶσι
1303 610 1531 701 ἄμεινον
1576 608 1691 699 εἴη,
1740 638 1862 690 πως
1908 610 1981 680 ἂν
2030 614 2315 684 κάλλιστα

73 734 170 797 καὶ
201 730 428 829 ἄριστα
455 732 778 828 πράττοιεν,
813 728 974 803 κτλῚ.

170 851 362 934 Quin
383 851 620 937 immO,
647 847 932 919 Graecis
960 846 1132 918 adeo
1165 868 1304 920 non
1334 867 1619 939 semper·
1646 846 1838 917 cordi
1874 844 2006 919 fuit
2038 848 2322 919 deorum

81 965 164 1035 ad
179 966 551 1047 arbitrium
569 962 876 1058 gratuito
905 984 980 1033 se
1009 961 1557 1048 accommodare,
1588 970 1661 1032 ut
1683 961 1998 1032 divinum
2020 986 2324 1035 consen-

81 1103 230 1151 sum
271 1101 766 1175 nonnunquam
803 1076 1000 1172 quasi
1036 1075 1250 1148 furati
1280 1075 1440 1147 sint.
1471 1076 1932 1148 Philomelum
1973 1078 2321 1150 Diodorus

83 1194 294 1268 refert
357 1196 620 1268 nolenti
667 1193 964 1289 Pythiae
1018 1192 1186 1263 olim
1227 1191 1606 1285 imperasse
1661 1202 1736 1264 ut
1783 1194 1917 1287 ipsi
1970 1216 2010 1265 a
2052 1194 2322 1287 tripode

83 1313 433 1385 oraculum
449 1313 770 1385 redderet
797 1338 816 1403 3
858 1334 1154 1405 cumque
1182 1310 1431 1382 mulier
1459 1310 1670 1382 minis
1701 1313 2076 1405 perterrita
2098 1312 2323 1384 excla-

84 1440 339 1503 masset
373 1427 454 1500 ὅτι
483 1427 704 1508 ἔξεστιν
734 1428 890 1518 αὖτῳ
916 1428 1182 1524 πράττειν
1223 1422 1250 1494 ὃ
1285 1411 1575 1516 βούλεταὶ,
1620 1452 1744 1521 pro
1787 1428 2067 1500 oraculo
2110 1429 2323 1501 verba

84 1542 479 1639 accepisse2.
528 1543 815 1638 Aliquid
845 1540 1072 1613 simile
1104 1542 1188 1611 de
1218 1540 1621 1613 Alexandro
1652 1542 2066 1613 Plutarchus
2109 1564 2325 1615 enar-

89 1658 239 1733 rat³.
287 1661 413 1733 Illa
452 1660 730 1756 quidem
765 1681 1054 1753 parvam
1089 1657 1295 1728 fidem
1336 1657 1617 1729 habent.
1659 1658 1911 1753 Accipe
1948 1682 2118 1731 vero
2154 1682 2327 1755 quae

87 1776 166 1846 de
213 1777 514 1873 aequali,
569 1798 743 1871 quae
771 1774 858 1847 de
899 1774 1265 1866 semetipso
1293 1773 1685 1867 Xenophon
1718 1786 2075 1847 memorat.
2123 1776 2327 1869 Age-

93 1891 318 1985 sipolis
390 1891 1016 1976 Lacedaemonius,
1098 1912 1253 1960 cum
1346 1887 1632 1981 Argivis
1716 1890 1975 1961 bellum
2068 1891 2327 1964 inferre

92 2016 389 2101 pararet,
476 2009 561 2079 de
640 2007 964 2079 tollendis
1041 2005 1256 2080 sacris
1315 2005 1597 2077 indutiis
1668 2005 2029 2101 Olympiae
2096 2010 2326 2094 Iovem

94 2122 488 2215 consuluit3
566 2123 795 2217 ibique
850 2132 1126 2217 accepto
1190 2147 1523 2217 responso
1582 2122 1783 2217 quale
1849 2130 2319 2217 exoptaverat,

96 2238 372 2333 Delphis
402 2239 792 2333 Apollinem
833 2238 1191 2311 confestim
1240 2240 1513 2333 rogavit
1561 2263 1799 2310 «num
1844 2238 2031 2309 filiu's
2088 2240 2325 2311 eadem

97 2356 398 2446 sentiret,
434 2379 613 2451 quae
643 2355 869 2456 pater*
907 2379 990 2445 »3
1016 2356 1364 2451 Delphicis
1396 2354 1863 2427 sacerdotibus
1894 2352 2173 2426 difficile
2195 2354 2325 2426 fuit

97 2470 413 2544 abnuere.
477 2471 616 2543 Sed
652 2495 741 2543 ne
782 2470 1182 2544 facultatem
1233 2472 1512 2567 quidem
1564 2471 1920 2542 abnuendi
1981 2472 2107 2543 deo
2152 2472 2328 2543 reli·-

97 2587 320 2678 quisse
371 2587 762 2683 Xenophon
820 2588 1122 2676 videtur,
1190 2611 1372 2676 cum,
1427 2589 1731 2661 Socrate
1787 2586 2097 2677 iubente,
2161 2595 2325 2659 ante

97 2701 462 2775 Asiaticum
495 2704 631 2775 iter
659 2704 1028 2798 Pythicum
1060 2704 1416 2775 oraculum
1446 2703 1615 2773 adiit
1654 2727 1667 2770 :
1713 2726 1851 2773 non
1890 2704 2103 2792 enim,
2150 2704 2326 2774 sicut

101 2838 202 2889 res
221 2818 508 2911 ferebat,
548 2821 822 2914 rogavit
843 2843 1008 2891 num
1033 2820 1169 2915 ipsi
1192 2820 1458 2907 liceret,
1494 2820 1807 2913 quiesset
1834 2818 2317 2911 AtheniensiS,

99 2935 267 3026 apud
291 2938 672 3033 principem
709 2959 784 3007 se
833 2937 1151 3007 conferre
1189 2933 1561 3030 'Spartanis
1613 2935 1908 3007 maxime
1951 2934 2320 3027 faventem,

102 3048 212 3119 sed
241 3075 435 3145 quem
466 3052 753 3124 deorum
792 3052 1114 3147 precibus
1145 3061 1214 3124 et
1243 3052 1460 3123 sacris
1489 3051 1759 3122 itineris
1792 3062 2157 3145 patronum
2190 3053 2324 3124 sibi

102 3166 510 3240 conciliaret⁵
542 3193 561 3259 3
617 3169 713 3241 ita
742 3177 814 3240 ut
845 3192 980 3239 non
1025 3176 1255 3261 posset
1290 3168 1461 3238 deus
1489 3166 1723 3239 itineri
1765 3167 1897 3261 ipsi
1937 3169 2318 3243 adversari.

103 3280 271 3353 Num
310 3286 588 3380 quidem
624 3285 1037 3377 Xenophon,
1087 3286 1243 3379 pius
1292 3287 1401 3355 vir
1439 3294 1507 3355 et
1551 3283 1945 3377 religiosuS‚
2000 3287 2319 3358 conscius

175 3533 196 3567 ¹
233 3536 488 3596 Praeter
525 3533 762 3613 ἄμεινον,
806 3536 988 3611 λώϊον,
1030 3536 1259 3615 βέλτιον,
1307 3532 1519 3616 ἄριστοι,
1564 3536 1849 3606 κάλλιστα,
1884 3556 1917 3595 a
1949 3538 2327 3598 consulenti-

104 3621 204 3681 bus
230 3624 602 3685 sexcentiens
634 3632 941 3701 usurpata,
986 3626 1133 3683 haec
1162 3624 1452 3683 vocabula
1493 3643 1726 3701 quoque
1755 3626 2019 3699 enotavi,
2055 3646 2089 3686 a
2111 3628 2325 3704 quibus

105 3708 357 3791 intellegi
395 3719 591 3792 potest
622 3732 740 3790 quo
777 3714 974 3773 animo
1017 3713 1236 3773 Graeci
1274 3714 1687 3774 consuluerint
1730 3736 1742 3772 :
1790 3712 2089 3798 ὠφέλιμον,
2123 3718 2320 3792 ὅναιον,

33 3812 40 3829 ’
106 3800 613 3887 πολυωφελέστερον,
643 3798 833 3877 ἀδεῶς,
861 3800 1036 3879 ἥδιον.

173 3890 196 3925 ²
231 3894 431 3965 Diod„
462 3894 632 3954 XVI.
659 3892 761 3951 27.
795 3892 851 3955 1.

175 3980 196 4015 ³
232 3983 423 4055 Plut.,
455 3983 681 4053 Alex„
719 3982 814 4041 14.

175 4069 196 4104 ⁴
223 4074 405 4145 Xen„
438 4072 725 4142 Hellen„
757 4072 860 4133 IV.
893 4073 952 4134 7.
991 4073 1030 4130 2
1064 4092 1076 4130 :
1121 4074 1348 4153 ἐπήρετο
1377 4066 1442 4130 αὖ
1470 4072 1561 4131 τὀν
1594 4074 1851 4132 Ἀπόλλω
1890 4074 1933 4132 εἱ
1964 4072 2197 4157 κάκείνῳ
2228 4079 2324 4136 δο-

108 4165 216 4237 κοίη
241 4162 352 4244 περὶ
382 4170 490 4221 τῶν
521 4163 762 4223 σπονδῶν
795 4162 1035 4242 καθάπερ
1063 4172 1142 4240 τῷ
1172 4166 1358 4242 πατρί.

180 4248 200 4301 ⁵
229 4252 406 4324 Xon„
435 4252 670 4323 Anah„
697 4252 814 4312 III.
847 4251 904 4311 1.
931 4251 970 4309 7
996 4272 1009 4308 ι
1039 4256 1066 4308 ὁ
1096 4252 1150 4308 δὲ
1176 4248 1285 4328 (se.
1323 4248 1632 4329 Socrates)
1669 4246 1904 4317 ἀκούσας
1938 4250 2130 4332 ᾐτιᾶτο
2164 4252 2321 4314 αὐτὸν

111 4334 182 4394 ὅτι
208 4337 262 4396 οὗ
291 4349 448 4399 τοῦτο
476 4347 687 4421 πρῶτον
718 4336 929 4420 ἠρώτα,
972 4342 1190 4417 πότερον
1222 4338 1359 4414 λῷον
1391 4336 1476 4411 εἴη
1517 4335 1663 4416 αὐτῷ
1693 4342 1997 4415 πορεύεσθαι
2040 4339 2077 4417 ἢ
2118 4344 2320 4420 μένειν,
