2975 5217
1598 457 1948 520 —70-

645 622 890 683 ⁸sacras
969 598 1381 690 dimittere1,
1453 597 1687 675 etc...²
1719 624 1740 691 3
1778 623 1961 671 nuno
2031 623 2117 672 ex
2172 600 2602 673 solemnibus
2682 600 2892 673 sacris

650 716 1091 813 inquirebant
1129 740 1295 788 num
1324 715 1436 789 'dei
1480 716 1764 788 omnino
1812 716 2095 812 propitii
2139 724 2371 789 essent
2397 716 2769 814 futuraque
2802 718 2889 788 ita

650 832 978 928 disposita
1007 843 1083 906 ut
1123 834 1374 928 populo
1415 832 1647 904 omnia
1692 832 1870 905 bene
1908 842 2287 906 verterent.
2327 833 2461 917 Qui
2497 845 2661 905 tunc
2690 832 2887 905 adhi-

651 947 995 1024 bebantur
1057 948 1273 1020 divini
1327 966 1504 1021 ‘raro
1570 958 2002 1044 compertum
2062 949 2399 1022 habemus
2450 973 2491 1021 a
2534 973 2669 1045 quo
2712 958 2779 1021 et
2807 972 2883 1020 ex

651 1066 902 1163 quibus
967 1064 1165 1139 electi
1220 1062 1508 1137 fuerint.
1554 1066 1762 1160 Apud
1830 1066 2130 1138 Boeotos
2201 1062 2301 1137 111i
2366 1066 2629 1139 'saeculi
2690 1066 2883 1155 μάντις

557 1218 562 1225 -
651 1182 926 1278 quidam
950 1180 1026 1253 in
1054 1179 1276 1253 titulis
1305 1190 1591 1275 apparet
1615 1182 1803 1253 inter
1834 1203 2143 1253 summos
2167 1179 2468 1254 foederis
2504 1180 2877 1253 ordinarios

649 1298 1130 1392 magistratus,
1163 1307 1536 1393 perpetuus
1566 1297 1845 1393 quidem
1883 1306 2117 1393 atque,
2142 1306 2220 1369 ut
2262 1297 2560 1387 videtur,
2604 1320 2690 1369 ex
2708 1307 2875 1369 certa

643 1421 856 1510 „gente
912 1412 1328 1507 Thespiensi
1385 1422 1701 1507 sumptus
1728 1409 1790 1503 ³3
1855 1412 2153 1484 alterum
2222 1412 2529 1485 eiusdem
2614 1413 2874 1506 generis

649 1530 1037 1625 exemplum
1077 1551 1208 1622 ego
1238 1529 1490 1601 afferre
1534 1552 1672 1600 non
1701 1528 1984 1623 possim.
2032 1528 2139 1604 Ex
2169 1528 2376 1613 certis
2412 1552 2688 1625 quoque
2716 1550 2871 1623 gen-

647 1644 778 1719 bus
809 1644 1025 1717 divini
1062 1644 1171 1716 illi
1200 1644 1650 1717 sumebantur
1681 1645 1799 1741 qui
1831 1656 1991 1717 ante
2016 1644 2401 1740 Pythaidos
2430 1646 2544 1717 vel
2570 1644 2871 1717 Deliados

645 1763 1161 1861 profectionem·
1183 1762 1460 1835 Oenoae
1497 1761 1573 1832 in
1627 1760 1910 1857 Pythio,
1954 1760 2365 1833 Marathone
2392 1761 2465 1831 in
2502 1760 2704 1835 Delio
2737 1774 2869 1834 exta

647 1876 1141 1977 inspiciebant'*
1164 1904 1184 1971 3
1248 1875 1551 1950 fortasse
1620 1879 1825 1950 etiam
1860 1877 1976 1975 qui
2030 1878 2193 1949 inde
2244 1875 2551 1951 theorias
2594 1878 2865 1950 comita-

647 1995 961 2072 bantur5.
997 1996 1201 2082 Quod
1223 2003 1456 2068 autem
1486 1993 1575 2067 ad
1614 1993 1769 2067 illos
1798 1994 2043 2066 attinet
2072 2016 2244 2090 quos
2274 1994 2439 2065 dicit
2476 1992 2864 2067 Aristoteles

646 2138 803 2187 cum
881 2112 1272 2208 hieropoeis
1349 2116 1463 2189 τοῖς
1537 2108 1633 2179 ἐπὶ
1693 2109 1767 2180 τοὶ
1830 2107 2135 2201 ἐκθύματα
2191 2110 2407 2183 sacris
2475 2110 2863 2206 quibusdam

647 2229 1217 2310 extraordinariis
1246 2228 1631 2325 praefuisse
1648 2226 1699 2317 ⁶,
1736 2230 1826 2300 ad
1862 2228 2017 2301 illos
2044 2230 2160 2325 qui
2192 2229 2279 2321 (si
2310 2229 2625 2301 Ciceroni
2652 2230 2859 2303 oredi-

643 2354 840 2446 mus)
909 2348 1098 2444 apud
1189 2347 1657 2421 Athenienses
1754 2346 2075 2419 omnibus
2179 2345 2474 2441 publicis
2581 2347 2862 2420 consiliis

643 2461 1090 2553 intererant⁷,
1204 2463 1387 2559 apud
1481 2461 2067 2538 Lacedaemonios
2152 2484 2401 2555 regum
2500 2472 2570 2535 et
2642 2487 2859 2535 senum

644 2727 721 2787 ad
747 2744 920 2788 saera
957 2724 1342 2787 referendum
1373 2744 1508 2787 esse
1536 2727 1691 2805 quod
1738 2728 2029 2805 praebent
2061 2726 2178 2786 duo
2202 2726 2369 2786 tituli
2397 2712 2569 2787 attici
2587 2723 2758 2805 (CIA,
2789 2721 2853 2780 II.

643 2817 787 2893 4163
817 2816 953 2878 ΙΨ.
981 2817 1096 2877 441
1115 2816 1168 2893 f)
1195 2812 1553 2900 τάρχαιρεσίαι
1588 2812 1730 2879 κατὰ
1750 2812 1853 2895 τὴν
1883 2821 2141 2896 μαντείαν
2165 2812 2267 2895 τὴν
2294 2825 2390 2876 τοῦ
2418 2820 2562 2876 θεοῦ.

724 2906 746 2942 ¹
774 2908 1128 2968 Philochor.
1161 2925 1258 2984 ap.
1293 2906 1503 2970 Sehol.
1538 2906 1756 2985 Soph.,
1816 2905 1970 2967 Oed.
2020 2908 2185 2980 Col„
2218 2925 2278 2968 v.
2315 2906 2496 2966 1047.

721 2994 746 3031 ²
769 2998 908 3057 Huc
952 2995 1267 3057 referenda
1297 2996 1588 3056 videntur
1610 3015 1763 3073 quae
1800 3000 2050 3073 praebet
2078 2996 2466 3068 Aristotele-i,
2554 2996 2672 3054 Ἀθ.
2706 2992 2851 3061 Πολ.,

639 3093 676 3167 ἓ
701 3086 802 3147 54.
832 3086 874 3148 6
904 3106 918 3146 2
956 3088 1146 3169 κληροῖ
1174 3088 1230 3145 δὲ
1261 3084 1352 3147 καὶ
1385 3085 1674 3169 ἱεροποιοὺς
1714 3087 1865 3160 δέκα,
1901 3084 2023 3153 τοὺς
2068 3084 2152 3145 ἐπὶ
2182 3080 2251 3145 τὰ
2282 3086 2570 3164 ἐκθύματα
2608 3082 2850 3161 καλουμέ·

643 3200 784 3248 νους,
817 3176 868 3237 οἵ
888 3177 957 3237 τοί
985 3201 1045 3237 τε
1073 3172 1346 3257 μαντευτόι
1378 3172 1493 3259 ἱερὰ
1523 3180 1757 3250 θύουσιν,
1794 3175 1893 3236 κᾶν
1921 3199 1972 3234 τι
2000 3175 2352 3257 καλλιερῆσαι
2392 3176 2509 3256 δέῃ,
2543 3175 2851 3256 καλλιεροῦσι

644 3264 782 3350 μετὰ
835 3275 943 3327 τῶν
989 3267 1258 3346 μάντεων,
1315 3272 1376 3326 et
1417 3285 1573 3343 quae
1611 3267 1673 3325 in
1728 3266 1905 3325 titulo
1944 3263 2230 3343 Myconio
2260 3264 2523 3341 legimus
2554 3262 2847 3343 (Dittenb.‚

637 3359 779 3427 373,
810 3358 858 3422 l.
885 3358 1026 3435 21):
1052 3352 1184 3416 Ἐὰν
1215 3358 1270 3417 δέ
1297 3379 1350 3417 τι
1379 3358 1473 3437 δέῃ
1501 3356 1821 3438 καλλιερεῖν,
1857 3352 2101 3437 ἱεροποιοι
2130 3353 2402 3413 διδόντων.

721 3447 746 3485 ³
776 3446 866 3509 Cf.
921 3464 1074 3524 quae
1118 3448 1192 3507 de
1234 3464 1303 3506 re
1339 3447 1718 3521 seripserunt
1749 3448 2085 3505 Foueartus
2114 3444 2315 3522 (BCH,
2352 3444 2526 3515 VIII,
2540 3460 2610 3525 .p.
2648 3402 2778 3519 412)
2805 3444 2848 3497 et

640 3534 1043 3597 Holleauxius
1071 3536 1284 3616 (BCH,
1329 3536 1508 3609 XIII,
1540 3554 1602 3612 p
1638 3534 1748 3595 22-
1759 3532 1889 3613 23).

719 3626 744 3662 ⁴
775 3625 1126 3687 Philochor.
1179 3643 1275 3703 ap.
1313 3624 1524 3688 Schol.
1578 3624 1792 3702 Soph„
1838 3623 1993 3684 Oed.
2037 3624 2201 3696 Col„
2233 3641 2295 3686 v.
2333 3621 2489 3683 1047
2518 3620 2622 3703 (=
2647 3621 2722 3684 fr.
2758 3618 2845 3679 158

585 3750 600 3775 ι
640 3716 779 3777 Did.
788 3717 853 3793 ):
877 3714 1004 3775 ὅταν
1034 3715 1088 3775 δὲ
1110 3739 1274 3797 σημει
1277 3739 1312 3774 α
1339 3738 1562 3793 γενηται
1592 3714 2001 3796 παραδεδομένα
2043 3714 2096 3773 ἐν
2121 3736 2229 3780 τοις
2260 3717 2440 3795 ίεροις,
2472 3736 2597 3772 τοτε
2612 3709 2844 3772 αποστελ

639 3804 792 3866 λουσι
820 3800 924 3884 τὴν
950 3808 1180 3887 θεωρίαν
1231 3809 1288 3864 οἱ
1327 3803 1399 3863 ἐκ
1449 3812 1561 3863 τοῦ
1590 3804 1822 3885 γένους
1852 3802 2100 3861 Πυθιάδα
2128 3801 2219 3861 καὶ
2251 3801 2518 3878 Δηλιάδα,
2554 3797 2810 3882 ὁποτὲρα’
2795 3792 2843 3854 ἂν

637 3898 857 3977 καθήκῃ
884 3891 1084 3961 αὐτοις.

623 3978 634 3986 ”
719 3982 743 4018 ⁵
771 3984 860 4044 De
889 3982 1094 4042 divino
1109 3981 1412 4060 Pythiada
1439 3980 1761 4043 eomitante
1782 3980 1859 4042 ef.
1890 3982 2191 4053 Hermes,
2209 3979 2387 4055 1893,
2421 3997 2482 4057 p.
2512 3978 2657 4057 6203
2688 3976 2839 4048 ΒΘΗ,

640 4072 818 4145 1896,
847 4091 910 4151 p.
945 4069 1087 4133 640.

717 4163 742 4199 θ
770 4163 990 4235 Arist„
1019 4161 1142 4223 ’.Αθ
1174 4162 1348 4234 Πολ.,
1381 4161 1482 4225 54.
1515 4161 1576 4223 6.

716 4250 740 4287 ⁷
772 4252 997 4323 Cicer„
1050 4251 1146 4309 De
1174 4252 1605 4326 divinatione,
1644 4252 1695 4311 Ι.
1747 4251 1847 4311 43.
1879 4248 2098 4312 Nonne
2140 4252 2450 4329 Exegetae
2489 4238 2841 4328 intellegendi

636 4348 798 4417 sunt,
829 4343 1046 4423 quibus
1066 4360 1248 4403 curae
1284 4342 1402 4403 fuit
1429 4344 1742 4422 διοσημείας
1770 4358 2021 4402 servare
2049 4342 2073 4400 2
