2975 5217
1702 1522 1832 1608 Ill

883 1721 1183 1785 euntem
1221 1722 1583 1776 ΡΙΕΤΑῘΕΜ
1625 1724 1917 1778 ΡΒΟΒΑΤ
1957 1725 2133 1779 USUS
2171 1724 2636 1781 mvmnloms

742 2014 858 2087 Ad
887 2015 1215 2111 pietatem
1259 2025 1446 2087 recte
1494 2015 1993 2087 aestimandam
2036 2038 2244 2111 quam
2291 2018 2362 2085 in
2412 2016 2577 2087 deos
2630 2012 2864 2087 Graeci
2932 1965 2935 2092 J

645 2130 1083 2219 exercebant,
1129 2131 1450 2203 nonnihil
1474 2132 1766 2204 interest
1784 2131 2342 2204 animadvertere
2368 2131 2624 2227 quibus
2651 2129 2865 2201 verbis
2932 2130 2934 2133 ⁴

648 2271 900 2342 rogare
929 2249 1108 2320 soliti
1131 2248 1270 2320 sint
1297 2246 1376 2318 ὅτι
1407 2249 1527 2345 χρή
1546 2254 1750 2319 ποιεῖν.
1786 2250 1867 2321 In
1884 2250 1993 2321 his
2018 2249 2204 2320 enim
2224 2249 2457 2321 verbis
2479 2272 2607 2321 nec
2636 2246 2864 2319 crebro

645 2388 772 2437 nec
823 2375 1082 2438 temere
1135 2366 1439 2439 studium
1482 2375 1771 2461 apparet
1827 2364 2204 2437 secundum
2254 2364 2559 2437 divinam
2619 2364 2853 2436 volun-
2934 2285 2936 2429 ἱ

647 2489 863 2553 tatem
909 2483 1019 2575 pio
1067 2481 1275 2553 corde
1311 2482 1552 2577 utique
1602 2480 1883 2574 agendi.
1924 2482 2233 2575 Cymaei,
2269 2504 2438 2576 quos
2486 2480 2863 2551 Herodotus

647 2596 1074 2693 quaesivisse
1109 2607 1347 2670 narrat
1381 2594 1560 2665 ὁκοῖόν
1590 2625 1641 2666 τι
1668 2596 1939 2675 ποιέοντες
1984 2602 2157 2665 θεοῖσι
2197 2596 2452 2686 μελλοῖεν
2481 2592 2859 2693 χαριεῖσθαῦ,
2936 2603 2938 2725 l

649 2714 708 2785 si
743 2713 868 2786 tali
921 2712 1213 2786 formula
1272 2737 1521 2787 revera
1556 2714 1681 2787 ,usi
1739 2723 1925 2803 sunt,
1975 2712 2303 2786 facinoris
2360 2714 2541 2809 quod
2579 2714 2860 2785 medita·
2936 2728 2938 2743 ·

649 2828 901 2899 bantur
956 2828 1401 2923 opprobrium
1470 2851 1512 2899 a
1556 2850 1631 2899 se
1696 2828 1959 2899 reicere
2034 2836 2102 2900 et
2158 2828 2233 2898 in
2292 2828 2459 2899 deos
2510 2826 2865 2899 transferre

649 2941 1000 3017 volebant.
1037 2943 1473 3041 Aeschyleus
1513 2943 1814 3015 Inachus
1868 2966 2007 3015 non
2061 2943 2195 3014 nisi
2235 2943 2321 3014 de
2357 2943 2651 3037 privatis
2688 2950 2761 3015 ut
2785 2941 2864 3011 ita

649 3057 872 3130 dicam
929 3058 1214 3131 deorum
1260 3059 1475 3131 libitis
1517 3060 1763 3130 anxius
1806 3059 2099 3153 Delphis
2148 3058 2611 3155 Dodonaeque
2681 3064 2860 3152 rogat

647 3173 703 3244 τί
739 3174 858 3271 χρή
893 3174 1099 3269 δρῶντ’
1151 3171 1189 3249 ἢ
1237 3174 1472 3270 λέγοντα
1505 3173 1777 3266 δαίμοσιν
1805 3174 2093 3271 πράσσειν
2130 3174 2344 3269 epila&
2391 3176 2553 3247 Sine
2585 3170 2863 3270 periculo

650 3291 907 3363 Milesii
937 3292 1012 3361 in
1043 3292 1240 3363 titulo
1271 3290 1595 3387 quodam3
1622 3292 1934 3364 sedulum
1966 3313 2139 3383 erga
2160 3293 2461 3364 Dianam
2480 3292 2863 3387 obsequium

649 3406 1060 3500 profitentur
1101 3405 1156 3499 (ὃ
1187 3405 1367 3499 δῆμος
1407 3406 1434 3475 ὃ
1479 3407 1795 3484 Μιλησίων
1837 3407 2055 3504 ἐρωτᾶι
2104 3406 2328 3502 πότερον
2365 3413 2457 3481 τῆι
2505 3402 2638 3477 θεῶι
2690 3432 2865 3503 κεχα-

651 3519 1309 3618 ρισμένον[ἔσται]...),
1360 3547 1518 3595 cum
1557 3526 1642 3596 de
1681 3524 1849 3595 solis
1882 3524 2143 3595 Dianae
2182 3523 2520 3617 religione
2560 3532 2628 3595 et
2661 3521 2865 3595 caeri-

653 3638 903 3709 moniis
939 3639 1200 3711 oraculi
1241 3640 1595 3712 decretum
1639 3649 2081 3735 exspectent3
2138 3663 2405 3713 necnon
2445 3639 2675 3713 verbis
2714 3660 2866 3735 quae

654 3776 864 3848 supra
916 3753 1151 3827 rettuli
1200 3757 1525 3828 continuo
1573 3756 1692 3828 illa
1741 3756 2091 3827 adiciunt:
2140 3756 2373 3825 καὶτῶι
2422 3754 2615 3845 δήμωι
2664 3780 2867 3851 συμφε-

651 3865 863 3961 ρόντως
898 3865 1102 3967 [ἔξει],
1159 3872 1474 3943 eamdem
1527 3854 2203 3966 propriaeutilitatis
2246 3895 2481 3945 curam
2529 3873 2865 3968 prodentia

654 4007 858 4079 quam
915 3986 1254 4059 solemnes
1319 3986 1658 4060 formulae
1720 3986 1769 4054 εἰ
1823 3988 1968 4077 λῷον
2026 3988 2127 4055 καὶ
2191 3985 2425 4079 ἄμεινόν
2475 3987 2596 4059 ἐστι
2663 3984 2859 4079 (ἔσται,

737 4224 758 4260 ¹
786 4227 1041 4298 Herod„
1073 4228 1123 4287 Ι.
1159 4228 1297 4288 158.

736 4314 760 4349 ²
794 4317 1042 4393 Aesch.‚
1075 4319 1331 4391 From„
1368 4338 1423 4379 v.
1467 4316 1765 4380 659-660.

736 4404 760 4440 ³
789 4406 1241 4484 Dittenberger‚
1274 4409 1561 4487 Sylloye‚
1590 4407 1728 4469 391.
