2975 5217
1606 424 1966 491 ...74-

656 570 782 642 IV.
809 572 883 642 7.
908 566 990 665 2)
1014 592 1137 642 rex
1151 567 1585 667 AgesipoliS,
1606 567 1915 662 Argivos
1933 588 2339 661 aggreSSUS,
2366 590 2520 640 cum
2542 566 2902 663 Olympiae

654 696 799 760 tum
837 685 1126 781 Delphis
1152 694 1400 782 sponte
1445 708 1571 757 sua
1602 685 2031 759 consuluisse
2060 683 2358 773 videtur,
2396 684 2571 756 nihil
2590 685 2680 757 ad
2700 708 2894 776 rem3

652 820 974 899 namque,
1044 826 1202 875 cum
1257 801 1436 876 bello
1465 803 1777 897 gerendo
1822 823 1863 873 a
1905 800 2154 896 populo
2184 801 2655 896 praepositus¹
2686 809 2889 889 esset,

652 920 988 1016 quidquid
1032 918 1122 992 ad
1162 919 1549 1014 gerendum
1610 919 1787 992 bene
1816 915 2238 1005 conferebat,
2273 941 2399 1013 pro
2425 918 2682 1015 populo
2718 918 2881 991 inci·

649 1060 817 1132 pere
851 1037 1096 1133 potuit.
1128 1036 1490 1109 Insolitum
1536 1036 1833 1132 denique
1884 1036 2065 1132 quod
2128 1046 2365 1110 narrat
2417 1035 2884 1124 Plutarchus-³,

649 1163 810 1227 ante
838 1154 1095 1228 bellum
1141 1154 1503 1227 Siciliense
1558 1152 1989 1227 Alcibiadem
2031 1154 2380 1248 privatum
2424 1154 2512 1225 de
2559 1154 2728 1226 belli
2764 1178 2884 1249 op·

649 1271 1077 1367 portunitate
1140 1272 1420 1365 proprio
1483 1281 1670 1342 motu
1734 1271 2081 1344 Ammone
2115 1269 2538 1345 sciscitatum
2609 1294 2786 1366 esse,
2826 1284 2884 1347 et

649 1410 826 1485 quae
880 1409 1214 1482 responsa
1267 1384 1498 1459 fausta
1545 1388 1927 1483 accepisset
1981 1410 2107 1482 per
2163 1386 2410 1463 urbem
2440 1388 2715 1461 -deinde
2741 1389 2880 1461 vul-

647 1527 861 1599 gasse
882 1530 901 1598 3
946 1505 1157 1577 talem
1210 1504 1470 1576 civium
1491 1504 2103 1600 intemperantiam
2141 1513 2482 1602 quatenus
2510 1504 2708 1601 leges
2741 1528 2875 1601 per-

649 1620 997 1711 miserint,
1032 1620 1402 1694 obscurum
1430 1628 1559 1695 est.

749 1737 858 1810 Ad
891 1737 1173 1810 fraudes
1211 1736 1535 1811 vitandas
1564 1738 1801 1832 magni
1826 1739 2185 1829 intererat,
2246 1761 2288 1811 a
2326 1762 2461 1835 quo
2500 1748 2571 1810 et
2618 1762 2703 1809 ex
2746 1738 2871 1833 qui-

649 1854 776 1926 bus
846 1854 1076 1926 theori
1125 1854 1739 1943 constituerentur.
1808 1856 2103 1948 Spartae
2153 1864 2521 1949 perpetuos
2565 1855 2867 1951 quosdam

647 1970 927 2045 theoros
965 1969 1313 2043 exstitisse
1343 1971 1460 2067 qui
1489 1972 1734 2044 solide
1767 1972 1975 2045 rebus
2003 1972 2298 2067 publicis
2328 1972 2686 2045 oraculum
2716 1971 2864 2045 Del-

648 2086 927 2182 phicum
976 2086 1279 2177 adirent,
1333 2088 1733 2161 Herodotus
1787 2087 2002 2161 refert
2060 2088 2215 2187 (VI.
2250 2090 2406 2182 57),
2444 2089 2721 2163 nomine
2756 2091 2867 2184 Py-

647 2205 853 2295 thios,
907 2227 1196 2276 numero
1252 2214 1569 2299 quatuor,
1616 2228 1869 2299 regum
1917 2204 2473 2293 contubernaleS,
2507 2228 2550 2279 a
2605 2206 2861 2299 regibus

643 2320 812 2416 ipsis
843 2321 1252 2415 designatos
1270 2320 1321 2393 3.
1359 2322 1501 2393 Per
1527 2320 1687 2393 illos
1717 2322 2101 2395 timendum
2126 2331 2387 2395 eratne
2416 2345 2625 2415 reges
2648 2322 2856 2394 minis-

643 2448 786 2511 tros
814 2436 1190 2533 Delphicos
1241 2438 1610 2511 conciliare
1641 2438 1774 2510 sibi
1830 2448 2279 2512 conarentur.
2328 2439 2433 2510 Ac
2481 2462 2723 2512 revera
2773 2438 2858 2508 vi·
2924 2452 2926 2568 Ι

641 2555 843 2628 detur
898 2554 1182 2651 Pythia,
1235 2578 1393 2626 cum
1447 2556 1812 2627 discordiis
1880 2556 2130 2650 Sparta
2182 2555 2569 2645 laborabat,
2641 2578 2853 2650 regum

644 2672 954 2767 partibus
996 2673 1399 2767 plerumque
1462 2670 1744 2744 favisse.
1794 2672 1867 2744 Si
1919 2672 2222 2768 Tyrtaeo
2252 2672 2628 2762 credimuS,
2663 2671 2854 2743 Theo·
2922 2756 2924 2759 Α

641 2811 886 2883 pompo
925 2810 1005 2859 ac
1050 2786 1400 2883 Polydoro
1463 2789 1801 2861 adversus
1831 2788 2065 2883 populi
2112 2788 2593 2881 arrogantiam
2630 2810 2852 2861 oracu
2922 2768 2924 2862 Ι

642 2904 790 2975 lum
821 2904 1046 2976 valide
1076 2903 1505 2998 succurrit⁴3
1556 2905 1999 3001 Lysandrum
2044 2912 2298 2993 autem,
2331 2905 2449 3000 qui
2478 2912 2850 2999 potestatem

641 3020 940 3112 regiam,
985 3019 1154 3092 solis
1191 3019 1442 3114 Agidis
1471 3027 1540 3092 et
1575 3020 2075 3115 Eurypontidis
2108 3021 2197 3092 ad
2222 3020 2396 3092 illud
2425 3030 2693 3115 tempus
2720 3041 2851 3092 ser·
2920 3004 2922 3097 ἰ

639 3144 895 3228 vatam,
937 3136 1257 3207 omnibus
1286 3135 1745 3225 HeracleidiS‚
1781 3138 1949 3232 quin
2014 3136 2372 3232 Spartanis
2437 3130 2846 3209 omnibusi-in
2920 3100 2922 3156 Ι

722 3376 740 3411 ¹
781 3378 967 3450 Xen.‚
1004 3378 1048 3440 Ζ.
1059 3379 1138 3435 l.:
1187 3384 1215 3437 ὃ
1253 3379 1308 3438 δὲ
1355 3380 1709 3459 Ἀγησίπολις
1739 3378 1911 3439 liutei*
1889 3403 2024 3459 εγνω
2069 3380 2148 3439 ὅτι
2190 3380 2276 3457 εἴη
2320 3378 2469 3460 αυτῷ
2506 3380 2738 3458 ἡγητέον
2767 3382 2845 3451 τῆς
2918 3352 2920 3448 Ι

640 3472 868 3548 φρουρᾶς
903 3463 1090 3527 καὶτὰ
1123 3467 1448 3550 διαδατήρια
1479 3470 1777 3549 θυομένῳ’
1757 3470 1989 3548 εγὲνετο,
2024 3466 2196 3529 ἐλθὼν
2236 3468 2308 3537 εἷς
2355 3470 2734 3550 Ὀλυμπίαν.

719 3553 744 3589 ²
771 3556 965 3626 Plut„
1006 3558 1258 3629 Nicia-3,
1301 3558 1426 3617 13.
1475 3557 1565 3618 καὶ
1614 3562 1893 3640 θεοπρόποι
1940 3560 2079 3626 τινὲς
2124 3558 2273 3640 αὐτῷ
2323 3558 2681 3638 (Alcibiadi)
2726 3548 2842 3636 παρὰ

642 3644 998 3784 Afflffiw‘
973 3641 1234 3729 ἀφίκοντο
1261 3648 1513 3729 χρησμὸν
1533 3650 1863 3728 κομίζοντες,
1896 3650 1968 3716 ὡς
1988 3650 2256 3730 λήψονται
2288 3646 2721 3727 Συρακουσίους
2705 3648 2838 3705 ἁπαν·
2916 3636 2918 3742 Ι

638 3747 734 3791 τας
870 3736 1095 3804 ηναιοι..

719 3812 744 3847 ³
769 3814 1027 3885 Herod„
1071 3818 1112 3877 l.
1123 3819 1196 3894 l.;
1234 3818 1420 3890 Xen„
1451 3818 1759 3894 Res-publ.
1796 3819 2214 3888 Lacedaem„
2249 3816 2347 3879 15.
2380 3816 2444 3877 5.

719 3902 973 3981 *Τγνιυ
1026 3906 1105 3967 fr.
1155 3864 1196 3966 4'
1238 3907 1450 3984 Bergk
1473 3907 1520 3982 ³,
1565 3926 1630 3970 v.
1686 3909 1717 3968 1
1765 3927 1902 3985 sq.:
1950 3906 2150 3968 Φοίδου
2182 3906 2511 3975 ἀκούσαντες
2544 3910 2736 3988 (reges
2762 3901 2837 3963 vel

638 3994 872 4074 Pythii)
894 3997 1218 4057 Πυθώνοθεν
1237 3997 1404 4057 οἴκαδ’
1435 3998 1643 4059 ἔνεικαν
1676 4002 1688 4076 Ι
1728 4004 1980 4079 μαντείας
2007 4023 2067 4058 τε
2096 4003 2216 4058 θεοῦ
2248 3997 2336 4059 καὶ
2363 3998 2610 4059 τελὲεντ’
2642 3998 2777 4058 ἔπεα·

637 4082 820 4167 ἄρχειν
859 4085 955 4165 μὲν
987 4087 1188 4167 βουλῆς
1218 4091 1571 4167 θεοτιμήτους
1602 4091 1875 4170 βασιλῆας
1911 4089 1921 4167 Ι
1960 4132 2029 4150 ...
2072 4088 2081 4167 Ι
2118 4087 2488 4171 πρεσὸυγενεῖς
2516 4113 2578 4148 τε
2604 4093 2831 4170 γέροντας,

634 4174 821 4234 ἔπειτα
850 4176 906 4233 δὲ
933 4176 1172 4253 δημότας
1201 4174 1391 4258 ἄνδρας
1427 4186 1438 4256 Ι
1474 4176 1687 4255 εὐθείην
1710 4181 1925 4260 ῥήτραις
1954 4174 2515 4257 ἀνταπαμειὸομένους
2558 4179 2647 4237 De
2664 4175 2831 4253 primis

633 4263 912 4323 versibus
941 4264 1194 4337 duobus,
1244 4265 1320 4327 cf.
1383 4266 1621 4343 Busolt,
1669 4268 1928 4328 Griech.
1979 4268 2375 4337 Gesckichte,
2410 4266 2487 4344 12,
2521 4286 2579 4345 p.
2613 4266 2737 4335 545,
2765 4282 2827 4337 n.;
2912 4274 2914 4328 l

632 4351 706 4411 de
732 4353 795 4410 vi
826 4355 1222 4429 sequentium,
1260 4358 1398 4428 o.l.,
1435 4373 1495 4433 p.
1528 4356 1845 4432 553-5543
1880 4356 2185 4431 557-558,
2217 4376 2278 4420 n.
2306 4358 2343 4417 3
2364 4376 2382 4432 ς1
2414 4357 2557 4421 568.

2910 4512 2912 4622 ι

2906 5016 2909 5149 Ι
