2975 5217
1095 502 1459 567 ..39—

155 667 336 740 quae
428 645 736 740 publicae
805 644 1246 718 Milesiorum
1317 646 1634 719 utilitatis
1716 647 1993 721 videtur
2046 649 2394 721 incuriosa

152 761 438 835 fuisse¹.
476 761 614 832 Vix
652 773 885 833 autem
932 762 1082 833 fieri
1123 764 1350 856 potuit
1395 763 1559 856 quin
1606 763 1819 856 longe
1862 763 2073 836 aliter
2102 788 2216 835 res
2244 788 2398 836 sese

153 876 461 965 haberet,
517 876 1080 973 quandocumque
1122 879 1312 949 iuter
1357 880 1713 951 oraculum
1756 889 1825 951 et
1874 880 2230 951 civitatem
2269 903 2396 951 ne-

151 994 494 1066 cessitudo
523 995 682 1066 talis
701 996 1094 1067 intercessit
1132 994 1406 1089 qualem
1441 996 1626 1089 apud
1672 996 2043 1089 Magnetes
2078 997 2395 1069 Thessa-

152 1108 282 1180 liae
310 1111 554 1182 titulus
589 1111 921 1200 declarat,
951 1111 1225 1182 saeculo
1259 1121 1342 1181 11⁰
1381 1122 1705 1183 exaratus
1726 1118 1755 1157 ³²
1797 1138 1815 1181 :
1872 1112 1989 1183 ubi
2024 1122 2311 1183 senatus
2326 1122 2398 1183 et

155 1225 379 1318 populi
443 1226 718 1298 decreto
797 1227 1161 1298 ordinatur
1235 1226 1576 1321 quomodo
1647 1228 1997 1321 Apollinis
2060 1228 2397 1321 Coropaei

153 1342 520 1413 manteion
557 1343 1130 1436 interrogandum
1159 1343 1274 1429 sit,
1310 1342 1911 1437 compluribusque
1934 1342 2231 1436 politicis
2252 1365 2395 1415 ma-

154 1457 558 1549 gistratibus
606 1459 1024 1553 praecipitur
1075 1468 1152 1529 ut
1219 1458 1713 1531 vaticinantem
1774 1458 2183 1553 prophetam
2256 1459 2397 1529 cir-

152 1572 550 1647 cumstent³.

231 1780 250 1815 ¹
285 1782 431 1842 Noli
485 1786 712 1855 tamen,
761 1789 827 1843 ut
881 1783 1258 1843 Branchidas
1318 1785 1537 1859 probes
1589 1800 1795 1841 amore
1850 1784 2051 1858 patria
2092 1782 2413 1851 caruisse,-

155 1871 393 1931 laudare
423 1872 805 1932 decantatum
833 1890 1078 1931 versum
1113 1873 1284 1933 πάλαι
1313 1873 1434 1932 ποτ’
1463 1864 1607 1949 ἦσαν
1637 1870 1859 1949 ἄλκιμοι
1900 1872 2182 1949 Μιλήσιοι,
2215 1888 2391 1947 quem

156 1979 264 2019 non
291 1960 483 2020 fuisse
510 1959 822 2022 oraculum
852 1964 1228 2021 Pomtowius
1278 1963 1427 2021 bene
1465 1962 1903 2021 demonstravit
1938 1962 2062 2037 (De
2091 1960 2390 2019 oraculis

156 2066 313 2126 quae
333 2059 598 2111 exstant
633 2052 894 2127 graecis
921 2053 1211 2111 trimetro
1251 2052 1527 2111 iambico
1550 2051 1947 2127 compositis,
1988 2050 2155 2110 Diss,
2186 2050 2383 2108 Bero-

155 2138 280 2211 lini,
321 2138 501 2217 1881,
535 2159 596 2217 p.
629 2140 844 2202 11-16.

231 2236 253 2272 2
278 2230 458 2288 Hunc
541 2231 779 2289 titulum
850 2232 1082 2308 primus
1137 2230 1323 2289 edidit
1377 2229 1740 2305 Lollingius‚
1796 2229 1859 2286 in
1924 2228 2085 2287 Am.
2138 2228 2385 2298 Mitch„

158 2316 324 2390 1882,
364 2336 424 2395 p.
471 2318 587 2378 163
616 2338 734 2395 sq.;
769 2317 1055 2396 repetivit
1079 2317 1381 2377 Antonius
1417 2317 1655 2387 Reichl,
1690 2316 1753 2375 in
1781 2318 2007 2391 Progr.
2041 2318 2147 2376 des
2186 2316 2386 2393 Gym-

157 2424 274 2465 nas.
320 2407 428 2465 der
454 2408 804 2479 Kleinseite,
841 2410 1036 2483 Prag,
1068 2405 1220 2466 1891
1285 2404 1307 2485 (
1338 2409 1457 2464 der
1485 2406 1939 2467 Bundesstaat
1969 2405 2087 2463 der
2110 2405 2387 2482 Magne-

158 2502 256 2553 ten
288 2496 429 2554 und
458 2498 580 2556 das
609 2496 842 2557 Oralcel
883 2498 994 2557 des
1049 2498 1334 2556 Ἀπόλλων
1349 2495 1674 2576 Κοροπαῖος)
1710 2516 1727 2569 3
1760 2513 1878 2555 non
1909 2496 1981 2552 de
2012 2493 2385 2569 magistrati-
2440 2547 2446 2552 .

158 2586 260 2644 bus
325 2588 424 2663 agi
485 2586 744 2647 foederis
771 2588 1173 2664 4Magnetum,
1224 2587 1329 2645 sed
1385 2585 1788 2645 Demetriadis
1824 2584 2138 2660 civitatis,
2228 2583 2389 2643 Hol-

157 2676 420 2737 leauxius
451 2694 641 2753 nuper
667 2695 764 2736 me
795 2678 1020 2737 docuit.

231 2769 252 2805 3
279 2770 348 2829 L.
393 2764 584 2825 18—23
611 2766 762 2826 τὸταν
795 2768 1112 2842 συντελῆται
1141 2767 1202 2825 τὸ
1217 2773 1478 2845 μαντῆον,
1511 2768 1822 2847 πορεύεσθαι
1852 2764 1944 2823 τὸν
1958 2760 2039 2825 ἀεὶ
2062 2762 2264 2846 [ῖ]ερεά
2291 2774 2385 2823 τοῦ

175 2860 508 2925 Ἀπόλλωνος
532 2857 625 2916 τὸν
655 2854 896 2939 ἐι[ρ]ημ’
876 2880 987 2916 νον
1038 2857 1141 2915 ὑπὸ
1192 2864 1293 2932 τῆς
1321 2857 1529 2922 πόλεως
1562 2854 1652 2914 καὶ
1674 2861 1783 2913 τῶν
1817 2861 2136 2965 στρατηγῶν
2180 2850 2269 2912 καὶ
2298 2877 2387 2913 νο-

161 2943 524 3033 μοφυλάκων’
500 2949 586 3028 αφ’
612 2948 874 3027 εκατέρας
905 2942 1079 3028 ἀρχῆς
1103 2943 1194 3005 ἕνα
1223 2944 1314 3004 και
1339 2949 1543 3023 ταμίαν
1556 2942 1647 3004 και
1676 2944 1767 3003 τὸν
1796 2948 2122 3025 γραμματέα
2151 2952 2245 3001 τοῦ
2266 2948 2384 3002 θεοῦ

159 3038 237 3097 καὶ
263 3039 349 3098 τὸν
379 3038 689 3119 προφήτην·
718 3031 808 3094 ἐὰν
842 3038 898 3095 δέ
924 3059 975 3094 τ.
981 3060 1004 3102 ς
1025 3036 1520 3117 προγεγραμμένων
1545 3030 1800 3115 ἀρρωστῇ
1854 3032 1897 3091 εἷ
1933 3033 2171 3113 έγδημῇ,
2208 3029 2383 3146 ἕτερον

160 3120 1176 3211 πεμψάτω;1.383ᾳ.καθήσθ[ω]σαν
1204 3126 1319 3184 δὲοὶ
1343 3124 1813 3205 προγεγραμμένοι
1839 3123 2120 3204 ἐντῷὶερῷ
2144 3126 2385 3199 κοσμίως

162 3218 208 3276 ἐν
236 3219 444 3293 ἐσθῆσιν
467 3216 759 3296 λαμπραῖς,
801 3216 1236 3296 ἐστεφανωμένοι
1278 3214 1557 3296 στεφάνοις
1601 3214 1762 3293 Saevi
1742 3236 1887 3280 νοις,
1930 3212 2245 3290 ἁγνεύοντες
2290 3236 2379 3272 και

159 3310 396 3391 νήφοντες
452 3304 541 3364 καὶ
579 3300 963 3386 ἀπΟδΕχΟμΕνΟῑ
998 3300 1065 3363 τὰ
1107 3327 1334 3364 πινακῑα
1374 3326 1521 3383 παρα.
1557 3310 1666 3361 τῶν
1708 3305 2142 3380 μαντευομενων“
2170 3300 2297 3360 όταν
2325 3302 2379 3362 δὲ

165 3397 470 3477 συντελεσθῇ
490 3418 551 3452 το
574 3402 847 3473 μαντεῖον,
864 3392 964 3471 ἐμὸ
974 3392 1257 3459 αλόντες’
1217 3418 1288 3460 εις
1308 3389 1523 3471 ἀγγεῖον
1551 3392 2257 3474 καταρφραγισάσθωσαν...
2290 3390 2381 3450 καὶ

163 3487 383 3545 ἐατωσαν
413 3486 591 3563 μένειν
614 3484 666 3543 ἐν
694 3507 772 3541 τω
787 3506 931 3564 ιερω
970 3480 1129 3560 “Ἀμα
1157 3484 1212 3541 δὲ
1237 3489 1308 3563 τῇ
1328 3484 1440 3560 ἡμε
1427 3486 1553 3563 ’ραο
1582 3504 1931 3591 γραμματέως
1955 3489 2048 3539 τοῦ
2068 3484 2187 3539 θεοῦ
2206 3504 2381 3562 προσ-

163 3582 357 3654 ενέγκας
413 3539 534 3633 :cb’
511 3596 642 3652 αγγε
618 3581 721 3631 ειον
763 3572 853 3631 καὶ
884 3572 1142 3641 ἐπιδείξας
1171 3595 1250 3631 τοι
1256 3596 1280 3637 ς
1317 3575 1719 3652 προειρημένοις
1746 3594 1842 3637 τας
1870 3593 2062 3653 σφραγι
2039 3571 2159 3636 ,δας
2225 3566 2379 3629 &voz-

162 3664 292 3733 ξάτω
318 3688 403 3723 και
435 3664 494 3722 ἐκ
506 3668 607 3737 τῆς
635 3657 946 3744 ἀναγραφῆς
968 3657 1260 3721 ἀνακαλῶν
1289 3657 1625 3720 ἀποδιδόσθω
1664 3683 1732 3718 τα
1759 3657 2059 3737 πινάκ[ια..
2075 3659 2381 3735 .--Pr0p-

165 3762 245 3812 ter
277 3750 460 3812 verba
498 3751 623 3810 ὅταν
655 3750 984 3831 συντελεσθῇ
999 3750 1061 3809 τὸ
1093 3760 1339 3830 μαντεῖον
1365 3748 1705 3809 verisimile
1727 3748 1971 3808 videtur
1998 3765 2199 3807 coram
2232 3746 2381 3806 solis

167 3840 596 3919 magistratibus
637 3857 922 3916 responsa
953 3840 1110 3900 edita
1137 3838 1342 3899 fuisse.
1374 3838 1441 3899 Si
1472 3838 1632 3898 enim
1662 3845 1727 3896 ut
1762 3837 2012 3914 quisque
2040 3837 2376 3897 intraverat

166 3948 491 4007 responsum
517 3929 721 3989 statim
743 3930 1093 4005 accepisset,
1118 3946 1306 4005 quare
1335 3927 1606 4003 oportuit
1633 3927 1889 3986 alterum
1901 3943 2283 4002 responsum,
2318 3924 2380 3983 in

168 4019 364 4079 tabella
381 4018 693 4095 scriptum,
722 4018 781 4075 in
815 4023 1163 4093 sequentem
1207 4018 1366 4075 diem
1397 4018 1795 4093 exspectare?
1827 4016 2059 4091 Neque,
2102 4032 2197 4073 me
2220 4013 2380 4072 iudi-

169 4126 245 4177 ce,
281 4109 418 4166 deus
444 4109 769 4183 putabatur
811 4113 988 4166 noctu
1018 4123 1306 4182 responsa
1327 4106 1598 4164 scribere
1628 4126 1642 4163 ε
1690 4122 1848 4172 nam,
1920 4106 1969 4162 si
2000 4108 2242 4178 putatus
2272 4119 2335 4161 es
2359 4132 2378 4148 ·

170 4204 264 4269 set,
288 4198 415 4273 quid
449 4197 562 4255 sibi
583 4196 813 4256 vellent
842 4196 1030 4253 verba
1059 4210 1211 4269 quae
1241 4193 1561 4267 exscripsi,
1594 4210 1851 4268 quonam
1875 4191 2071 4250 officio
2100 4191 2381 4267 prophe-

173 4293 286 4344 tam
308 4284 471 4363 fungi
497 4281 1059 4345 existimavissent‘?
1091 4280 1182 4347 Ob
1229 4280 1291 4339 id
1332 4280 1550 4352 solum,
1579 4282 1631 4339 si
1668 4287 1831 4339 recte
1869 4280 2067 4354 videO,
2102 4280 2162 4347 in
2204 4296 2379 4338 cras-

171 4377 337 4434 tinum
395 4392 569 4434 mane
623 4372 876 4433 tabellas
935 4369 1282 4445 servabant,
1320 4385 1394 4426 ne
1444 4385 1553 4445 per
1595 4374 1786 4427 totum
1841 4367 1997 4427 diem
2044 4367 2285 4427 theorus
2310 4368 2376 4427 in
