<?xml version="1.0" encoding="UTF-8"?>
<!DOCTYPE html PUBLIC "-//W3C//DTD XHTML 1.0 Transitional//EN"
    "http://www.w3.org/TR/xhtml1/DTD/xhtml1-transitional.dtd">
<html xmlns="http://www.w3.org/1999/xhtml" xml:lang="en" lang="en">
 <head>
  <title>
</title>
<meta http-equiv="Content-Type" content="text/html;charset=utf-8" />
  <meta name='ocr-system' content='tesseract 3.04.00' />
  <meta name='ocr-capabilities' content='ocr_page ocr_carea ocr_par ocr_line ocrx_word'/>
</head>
<body>
  <div class='ocr_page' id='page_1' title='image "./quoanimograecip00legrgoog_0102.png"; bbox 0 0 2975 5217; ppageno 0'>
   <div class='ocr_carea' id='block_1_1' title="bbox 1544 493 1899 561">
    <p class='ocr_par' dir='ltr' id='par_1_1' title="bbox 1544 493 1899 561">
     <span class='ocr_line' id='line_1_1' title="bbox 1544 493 1899 561; baseline 0 -16"><span class='ocrx_word' id='word_1_1' title='bbox 1544 493 1899 561; x_wconf 80' lang='lat'>...92..</span> 
     </span>
    </p>
   </div>
   <div class='ocr_carea' id='block_1_2' title="bbox 587 632 2881 1660">
    <p class='ocr_par' dir='ltr' id='par_1_2' title="bbox 587 632 2881 1660">
     <span class='ocr_line' id='line_1_2' title="bbox 599 632 2881 735; baseline -0.002 -27"><span class='ocrx_word' id='word_1_2' title='bbox 599 636 1031 734; x_wconf 81' lang='lat' dir='ltr'>dicebamus)</span> <span class='ocrx_word' id='word_1_3' title='bbox 1071 679 1192 725; x_wconf 79' lang='grc'><strong>--,</strong></span> <span class='ocrx_word' id='word_1_4' title='bbox 1249 648 1316 711; x_wconf 81' lang='lat' dir='ltr'><strong>et</strong></span> <span class='ocrx_word' id='word_1_5' title='bbox 1362 643 1667 735; x_wconf 85' lang='lat' dir='ltr'><strong>quonam</strong></span> <span class='ocrx_word' id='word_1_6' title='bbox 1728 662 2011 712; x_wconf 85' lang='lat' dir='ltr'><strong>munere</strong></span> <span class='ocrx_word' id='word_1_7' title='bbox 2066 640 2138 710; x_wconf 90' lang='lat' dir='ltr'><strong>in</strong></span> <span class='ocrx_word' id='word_1_8' title='bbox 2192 638 2489 713; x_wconf 86' lang='lat' dir='ltr'><strong>oraculis</strong></span> <span class='ocrx_word' id='word_1_9' title='bbox 2549 632 2881 735; x_wconf 82' lang='lat' dir='ltr'><strong>edendis</strong></span> 
     </span>
     <span class='ocr_line' id='line_1_3' title="bbox 598 753 2877 851; baseline -0.003 -26"><span class='ocrx_word' id='word_1_10' title='bbox 598 753 814 827; x_wconf 89' lang='lat' dir='ltr'><strong>functi</strong></span> <span class='ocrx_word' id='word_1_11' title='bbox 845 754 1024 827; x_wconf 87' lang='lat' dir='ltr'><strong>sint¹</strong></span> <span class='ocrx_word' id='word_1_12' title='bbox 1054 782 1073 847; x_wconf 84' lang='lat'><em>3</em></span> <span class='ocrx_word' id='word_1_13' title='bbox 1117 756 1270 827; x_wconf 79' lang='lat' dir='ltr'><strong>’nisi</strong></span> <span class='ocrx_word' id='word_1_14' title='bbox 1309 756 1488 851; x_wconf 83' lang='lat' dir='ltr'><strong>quod</strong></span> <span class='ocrx_word' id='word_1_15' title='bbox 1518 778 1643 849; x_wconf 86' lang='lat' dir='ltr'><strong>pro</strong></span> <span class='ocrx_word' id='word_1_16' title='bbox 1674 764 1862 827; x_wconf 86' lang='lat' dir='ltr'><strong>certo</strong></span> <span class='ocrx_word' id='word_1_17' title='bbox 1893 754 2283 828; x_wconf 88' lang='lat' dir='ltr'><strong>habendum</strong></span> <span class='ocrx_word' id='word_1_18' title='bbox 2332 754 2632 842; x_wconf 75' lang='lat' dir='ltr'><strong>videtur,</strong></span> <span class='ocrx_word' id='word_1_19' title='bbox 2690 773 2877 823; x_wconf 87' lang='lat' dir='ltr'><strong>cum</strong></span> 
     </span>
     <span class='ocr_line' id='line_1_4' title="bbox 598 864 2872 969; baseline -0.004 -27"><span class='ocrx_word' id='word_1_20' title='bbox 598 872 878 943; x_wconf 88' lang='lat' dir='ltr'><strong>Xuthus</strong></span> <span class='ocrx_word' id='word_1_21' title='bbox 945 874 1140 964; x_wconf 85' lang='lat' dir='ltr'><strong>prius</strong></span> <span class='ocrx_word' id='word_1_22' title='bbox 1229 872 1584 965; x_wconf 83' lang='lat' dir='ltr'>rogaverit</span> <span class='ocrx_word' id='word_1_23' title='bbox 1648 871 1748 969; x_wconf 80' lang='lat' dir='ltr'><strong>(v,</strong></span> <span class='ocrx_word' id='word_1_24' title='bbox 1817 871 1991 965; x_wconf 79' lang='lat'>413)</span> <span class='ocrx_word' id='word_1_25' title='bbox 2058 897 2095 941; x_wconf 76' lang='grc' dir='ltr'>ι(</span> <span class='ocrx_word' id='word_1_26' title='bbox 2150 870 2317 940; x_wconf 78' lang='grc' dir='ltr'>α’λλοέ</span> <span class='ocrx_word' id='word_1_27' title='bbox 2349 869 2437 949; x_wconf 78' lang='grc' dir='ltr'><strong>τίς</strong></span> <span class='ocrx_word' id='word_1_28' title='bbox 2496 864 2872 964; x_wconf 64' lang='grc' dir='ltr'>προφητεύει</span> 
     </span>
     <span class='ocr_line' id='line_1_5' title="bbox 596 977 2861 1082; baseline 0.001 -31"><span class='ocrx_word' id='word_1_29' title='bbox 596 977 720 1052; x_wconf 78' lang='grc' dir='ltr'>θεοῦ</span> <span class='ocrx_word' id='word_1_30' title='bbox 743 1011 762 1076; x_wconf 85' lang='lat'><em>3</em></span> <span class='ocrx_word' id='word_1_31' title='bbox 803 1013 865 1073; x_wconf 80' lang='lat'><strong>»‚</strong></span> <span class='ocrx_word' id='word_1_32' title='bbox 917 986 1101 1057; x_wconf 85' lang='lat' dir='ltr'><strong>inter</strong></span> <span class='ocrx_word' id='word_1_33' title='bbox 1150 986 1306 1058; x_wconf 87' lang='lat' dir='ltr'><strong>illos</strong></span> <span class='ocrx_word' id='word_1_34' title='bbox 1346 981 1614 1081; x_wconf 76' lang='grc' dir='ltr'><em>α’ριστεῖς</em></span> <span class='ocrx_word' id='word_1_35' title='bbox 1663 986 2067 1082; x_wconf 85' lang='lat' dir='ltr'><strong>prophetam</strong></span> <span class='ocrx_word' id='word_1_36' title='bbox 2107 984 2609 1059; x_wconf 86' lang='lat' dir='ltr'><strong>numerandum</strong></span> <span class='ocrx_word' id='word_1_37' title='bbox 2648 1005 2861 1055; x_wconf 81' lang='lat' dir='ltr'><strong>esse.</strong></span> 
     </span>
     <span class='ocr_line' id='line_1_6' title="bbox 605 1096 2861 1195; baseline 0 -28"><span class='ocrx_word' id='word_1_38' title='bbox 605 1102 690 1169; x_wconf 75' lang='lat' dir='ltr'><strong>At</strong></span> <span class='ocrx_word' id='word_1_39' title='bbox 727 1097 987 1170; x_wconf 84' lang='lat' dir='ltr'><strong>fuerint</strong></span> <span class='ocrx_word' id='word_1_40' title='bbox 1024 1097 1148 1190; x_wconf 88' lang='lat' dir='ltr'><strong>illi,</strong></span> <span class='ocrx_word' id='word_1_41' title='bbox 1186 1099 1594 1195; x_wconf 78' lang='lat' dir='ltr'><strong>quicumque</strong></span> <span class='ocrx_word' id='word_1_42' title='bbox 1648 1100 1930 1172; x_wconf 83' lang='lat' dir='ltr'><strong>oracula</strong></span> <span class='ocrx_word' id='word_1_43' title='bbox 1951 1100 2273 1187; x_wconf 85' lang='lat' dir='ltr'>edebant,</span> <span class='ocrx_word' id='word_1_44' title='bbox 2309 1098 2620 1193; x_wconf 91' lang='lat' dir='ltr'><strong>publicae</strong></span> <span class='ocrx_word' id='word_1_45' title='bbox 2649 1096 2861 1169; x_wconf 90' lang='lat' dir='ltr'><strong>Del-</strong></span> 
     </span>
     <span class='ocr_line' id='line_1_7' title="bbox 591 1210 2862 1310; baseline -0.001 -25"><span class='ocrx_word' id='word_1_46' title='bbox 591 1214 882 1307; x_wconf 86' lang='lat' dir='ltr'><strong>phorum</strong></span> <span class='ocrx_word' id='word_1_47' title='bbox 923 1215 1236 1287; x_wconf 85' lang='lat' dir='ltr'><strong>utilitatis</strong></span> <span class='ocrx_word' id='word_1_48' title='bbox 1265 1237 1471 1310; x_wconf 90' lang='lat' dir='ltr'><strong>quam</strong></span> <span class='ocrx_word' id='word_1_49' title='bbox 1533 1218 1824 1288; x_wconf 84' lang='lat' dir='ltr'><strong>maxime</strong></span> <span class='ocrx_word' id='word_1_50' title='bbox 1862 1216 2183 1287; x_wconf 80' lang='lat' dir='ltr'><strong>curiosi‘2.</strong></span> <span class='ocrx_word' id='word_1_51' title='bbox 2238 1217 2461 1288; x_wconf 80' lang='lat' dir='ltr'><strong>Parva</strong></span> <span class='ocrx_word' id='word_1_52' title='bbox 2496 1212 2628 1284; x_wconf 87' lang='lat' dir='ltr'><strong>fuit</strong></span> <span class='ocrx_word' id='word_1_53' title='bbox 2668 1210 2862 1284; x_wconf 90' lang='lat' dir='ltr'><strong>Del-</strong></span> 
     </span>
     <span class='ocr_line' id='line_1_8' title="bbox 588 1331 2857 1426; baseline -0.001 -23"><span class='ocrx_word' id='word_1_54' title='bbox 588 1332 788 1425; x_wconf 90' lang='lat' dir='ltr'><strong>phica</strong></span> <span class='ocrx_word' id='word_1_55' title='bbox 853 1331 1126 1419; x_wconf 71' lang='lat' dir='ltr'><strong>civitae,</strong></span> <span class='ocrx_word' id='word_1_56' title='bbox 1195 1353 1418 1426; x_wconf 89' lang='lat' dir='ltr'><strong>neque</strong></span> <span class='ocrx_word' id='word_1_57' title='bbox 1477 1331 1798 1403; x_wconf 88' lang='lat' dir='ltr'><strong>militaris</strong></span> <span class='ocrx_word' id='word_1_58' title='bbox 1882 1331 2153 1425; x_wconf 81' lang='lat' dir='ltr'><strong>gloriae</strong></span> <span class='ocrx_word' id='word_1_59' title='bbox 2232 1331 2503 1425; x_wconf 82' lang='lat' dir='ltr'><strong>cupida,</strong></span> <span class='ocrx_word' id='word_1_60' title='bbox 2606 1353 2857 1425; x_wconf 88' lang='lat' dir='ltr'><strong>neque</strong></span> 
     </span>
     <span class='ocr_line' id='line_1_9' title="bbox 590 1436 2853 1537; baseline -0 -19"><span class='ocrx_word' id='word_1_61' title='bbox 590 1458 982 1521; x_wconf 84' lang='lat' dir='ltr'><strong>mercatura</strong></span> <span class='ocrx_word' id='word_1_62' title='bbox 1053 1436 1366 1537; x_wconf 65' lang='lat' dir='ltr'><strong>dorenS,‘</strong></span> <span class='ocrx_word' id='word_1_63' title='bbox 1403 1447 1687 1519; x_wconf 81' lang='lat' dir='ltr'><strong>oraculo</strong></span> <span class='ocrx_word' id='word_1_64' title='bbox 1751 1449 1903 1520; x_wconf 83' lang='lat' dir='ltr'><strong>solo</strong></span> <span class='ocrx_word' id='word_1_65' title='bbox 1957 1447 2137 1521; x_wconf 88' lang='lat' dir='ltr'><strong>facta</strong></span> <span class='ocrx_word' id='word_1_66' title='bbox 2168 1448 2395 1536; x_wconf 85' lang='lat' dir='ltr'><strong>dives3</strong></span> <span class='ocrx_word' id='word_1_67' title='bbox 2454 1457 2615 1518; x_wconf 89' lang='lat' dir='ltr'><strong>nota</strong></span> <span class='ocrx_word' id='word_1_68' title='bbox 2674 1454 2853 1517; x_wconf 88' lang='lat' dir='ltr'><strong>sunt</strong></span> 
     </span>
     <span class='ocr_line' id='line_1_10' title="bbox 587 1563 2844 1660; baseline -0.001 -25"><span class='ocrx_word' id='word_1_69' title='bbox 587 1587 763 1660; x_wconf 86' lang='lat' dir='ltr'><strong>quae</strong></span> <span class='ocrx_word' id='word_1_70' title='bbox 801 1564 950 1636; x_wconf 86' lang='lat' dir='ltr'><strong>suis</strong></span> <span class='ocrx_word' id='word_1_71' title='bbox 987 1564 1328 1636; x_wconf 85' lang='lat' dir='ltr'><strong>ministris</strong></span> <span class='ocrx_word' id='word_1_72' title='bbox 1356 1564 1608 1658; x_wconf 87' lang='lat' dir='ltr'>Apollo</span> <span class='ocrx_word' id='word_1_73' title='bbox 1635 1563 1980 1660; x_wconf 86' lang='lat' dir='ltr'><strong>pollicitus</strong></span> <span class='ocrx_word' id='word_1_74' title='bbox 2041 1574 2194 1639; x_wconf 88' lang='lat' dir='ltr'><strong>erat</strong></span> <span class='ocrx_word' id='word_1_75' title='bbox 2229 1589 2244 1634; x_wconf 91' lang='lat'>:</span> <span class='ocrx_word' id='word_1_76' title='bbox 2292 1564 2387 1636; x_wconf 90' lang='lat' dir='ltr'><strong>H.</strong></span> <span class='ocrx_word' id='word_1_77' title='bbox 2435 1563 2505 1637; x_wconf 79' lang='grc' dir='ltr'><strong>Ῐι.</strong></span> <span class='ocrx_word' id='word_1_78' title='bbox 2548 1563 2626 1633; x_wconf 79' lang='lat' dir='ltr'><strong>in</strong></span> <span class='ocrx_word' id='word_1_79' title='bbox 2677 1564 2844 1657; x_wconf 81' lang='lat' dir='ltr'><strong>Ap.</strong></span> 
     </span>
    </p>
   </div>
   <div class='ocr_carea' id='block_1_3' title="bbox 583 1688 1156 1785">
    <p class='ocr_par' dir='ltr' id='par_1_3' title="bbox 583 1688 1156 1785">
     <span class='ocr_line' id='line_1_11' title="bbox 583 1688 1156 1785; baseline 0.002 -24"><span class='ocrx_word' id='word_1_80' title='bbox 583 1690 844 1785; x_wconf 66' lang='lat' dir='ltr'><strong>Pytlz„</strong></span> <span class='ocrx_word' id='word_1_81' title='bbox 878 1715 947 1762; x_wconf 77' lang='lat' dir='ltr'><strong>v,</strong></span> <span class='ocrx_word' id='word_1_82' title='bbox 983 1688 1156 1762; x_wconf 80' lang='lat'><strong>357.</strong></span> 
     </span>
    </p>
   </div>
   <div class='ocr_carea' id='block_1_4' title="bbox 770 1835 2429 2172">
    <p class='ocr_par' dir='ltr' id='par_1_4' title="bbox 770 1835 2429 2172">
     <span class='ocr_line' id='line_1_12' title="bbox 779 1835 2344 1939; baseline -0.001 -30"><span class='ocrx_word' id='word_1_83' title='bbox 779 1835 1062 1938; x_wconf 75' lang='grc' dir='ltr'>Δεξιτερῇ</span> <span class='ocrx_word' id='word_1_84' title='bbox 1089 1840 1232 1932; x_wconf 84' lang='grc' dir='ltr'>μαλ’</span> <span class='ocrx_word' id='word_1_85' title='bbox 1263 1838 1500 1919; x_wconf 79' lang='grc' dir='ltr'>ἕκαστος</span> <span class='ocrx_word' id='word_1_86' title='bbox 1525 1838 1690 1939; x_wconf 82' lang='grc' dir='ltr'>ἔχων</span> <span class='ocrx_word' id='word_1_87' title='bbox 1717 1841 1779 1909; x_wconf 80' lang='grc' dir='ltr'><strong>ἐν</strong></span> <span class='ocrx_word' id='word_1_88' title='bbox 1816 1842 1972 1939; x_wconf 82' lang='grc' dir='ltr'>χειρὶ</span> <span class='ocrx_word' id='word_1_89' title='bbox 2002 1843 2344 1939; x_wconf 74' lang='grc' dir='ltr'>μάχαιραν,</span> 
     </span>
     <span class='ocr_line' id='line_1_13' title="bbox 784 1940 2429 2055; baseline 0 -28"><span class='ocrx_word' id='word_1_90' title='bbox 784 1940 1033 2055; x_wconf 68' lang='grc' dir='ltr'>σφάζειν</span> <span class='ocrx_word' id='word_1_91' title='bbox 1065 1957 1186 2027; x_wconf 81' lang='grc' dir='ltr'><strong>αἱεί</strong></span> <span class='ocrx_word' id='word_1_92' title='bbox 1223 1952 1414 2049; x_wconf 77' lang='grc' dir='ltr'><strong>μῆλα·</strong></span> <span class='ocrx_word' id='word_1_93' title='bbox 1446 1958 1524 2029; x_wconf 68' lang='grc' dir='ltr'><strong>τά</strong></span> <span class='ocrx_word' id='word_1_94' title='bbox 1553 1956 1608 2025; x_wconf 73' lang='grc' dir='ltr'><strong>δ’</strong></span> <span class='ocrx_word' id='word_1_95' title='bbox 1634 1954 1863 2053; x_wconf 68' lang='grc' dir='ltr'>ἄφθονα</span> <span class='ocrx_word' id='word_1_96' title='bbox 1887 1960 2081 2029; x_wconf 65' lang='grc' dir='ltr'>πάντα</span> <span class='ocrx_word' id='word_1_97' title='bbox 2114 1957 2429 2055; x_wconf 81' lang='grc' dir='ltr'><em>παρέσται,</em></span> 
     </span>
     <span class='ocr_line' id='line_1_14' title="bbox 770 2069 2353 2172; baseline -0.001 -27"><span class='ocrx_word' id='word_1_98' title='bbox 770 2074 922 2147; x_wconf 79' lang='grc' dir='ltr'>ὅσσα</span> <span class='ocrx_word' id='word_1_99' title='bbox 947 2075 1075 2167; x_wconf 81' lang='grc' dir='ltr'><strong>ἐμοῖ</strong></span> <span class='ocrx_word' id='word_1_100' title='bbox 1098 2077 1153 2143; x_wconf 81' lang='grc' dir='ltr'><strong>κ’</strong></span> <span class='ocrx_word' id='word_1_101' title='bbox 1200 2076 1481 2171; x_wconf 78' lang='grc' dir='ltr'>α’γοὶγωσι</span> <span class='ocrx_word' id='word_1_102' title='bbox 1508 2071 1820 2172; x_wconf 76' lang='grc' dir='ltr'>περικλυτᾶ</span> <span class='ocrx_word' id='word_1_103' title='bbox 1839 2069 1978 2172; x_wconf 69' lang='grc' dir='ltr'><strong>φῦλ’</strong></span> <span class='ocrx_word' id='word_1_104' title='bbox 2011 2074 2353 2171; x_wconf 60' lang='grc' dir='ltr'><strong>ἀνθρώπων</strong></span> 
     </span>
    </p>
   </div>
   <div class='ocr_carea' id='block_1_5' title="bbox 569 2222 2838 2694">
    <p class='ocr_par' dir='ltr' id='par_1_5' title="bbox 569 2222 2838 2694">
     <span class='ocr_line' id='line_1_15' title="bbox 576 2222 2838 2344; baseline 0.001 -26"><span class='ocrx_word' id='word_1_105' title='bbox 576 2280 672 2301; x_wconf 64' lang='lat'>—</span> <span class='ocrx_word' id='word_1_106' title='bbox 703 2257 863 2318; x_wconf 89' lang='lat' dir='ltr'><strong>nota</strong></span> <span class='ocrx_word' id='word_1_107' title='bbox 885 2269 1060 2342; x_wconf 90' lang='lat' dir='ltr'><strong>quae</strong></span> <span class='ocrx_word' id='word_1_108' title='bbox 1089 2248 1174 2319; x_wconf 87' lang='lat' dir='ltr'><strong>de</strong></span> <span class='ocrx_word' id='word_1_109' title='bbox 1208 2246 1917 2341; x_wconf 84' lang='lat' dir='ltr'><strong>Delphisiocabantur</strong></span> <span class='ocrx_word' id='word_1_110' title='bbox 1940 2246 2181 2318; x_wconf 89' lang='lat' dir='ltr'><strong>comici</strong></span> <span class='ocrx_word' id='word_1_111' title='bbox 2212 2222 2535 2344; x_wconf 52' lang='lat' dir='ltr'><strong>(Athea,</strong></span> <span class='ocrx_word' id='word_1_112' title='bbox 2580 2271 2647 2341; x_wconf 88' lang='lat' dir='ltr'><strong>p.</strong></span> <span class='ocrx_word' id='word_1_113' title='bbox 2686 2248 2838 2320; x_wconf 80' lang='lat'><strong>173</strong></span> 
     </span>
     <span class='ocr_line' id='line_1_16' title="bbox 577 2358 2836 2459; baseline -0.003 -23"><span class='ocrx_word' id='word_1_114' title='bbox 577 2366 628 2436; x_wconf 91' lang='lat' dir='ltr'>C</span> <span class='ocrx_word' id='word_1_115' title='bbox 652 2365 746 2455; x_wconf 91' lang='lat' dir='ltr'><strong>D)</strong></span> <span class='ocrx_word' id='word_1_116' title='bbox 784 2390 798 2434; x_wconf 74' lang='grc' dir='ltr'>ε</span> <span class='ocrx_word' id='word_1_117' title='bbox 847 2363 1099 2453; x_wconf 70' lang='grc' dir='ltr'>Ἀχαιὸς</span> <span class='ocrx_word' id='word_1_118' title='bbox 1152 2361 1240 2433; x_wconf 77' lang='lat' dir='ltr'><strong>‹i’o‘</strong></span> <span class='ocrx_word' id='word_1_119' title='bbox 1269 2362 1606 2458; x_wconf 73' lang='grc' dir='ltr'><strong>·Ἐρετριεύς</strong></span> <span class='ocrx_word' id='word_1_120' title='bbox 1632 2362 1707 2431; x_wconf 84' lang='grc' dir='ltr'>ε’ν</span> <span class='ocrx_word' id='word_1_121' title='bbox 1743 2362 2105 2452; x_wconf 80' lang='grc' dir='ltr'>Ἀλκμαίωνι</span> <span class='ocrx_word' id='word_1_122' title='bbox 2146 2367 2227 2452; x_wconf 81' lang='grc' dir='ltr'><strong>τῷ</strong></span> <span class='ocrx_word' id='word_1_123' title='bbox 2256 2358 2550 2459; x_wconf 75' lang='grc' dir='ltr'><em>σατυρικῷ</em></span> <span class='ocrx_word' id='word_1_124' title='bbox 2586 2391 2836 2459; x_wconf 82' lang='grc' dir='ltr'>καρυκ-</span> 
     </span>
     <span class='ocr_line' id='line_1_17' title="bbox 569 2476 2823 2576; baseline 0 -29"><span class='ocrx_word' id='word_1_125' title='bbox 569 2480 817 2559; x_wconf 70' lang='grc' dir='ltr'><em>κοποιούς</em></span> <span class='ocrx_word' id='word_1_126' title='bbox 845 2480 1011 2547; x_wconf 79' lang='grc' dir='ltr'>καλεῖ</span> <span class='ocrx_word' id='word_1_127' title='bbox 1052 2479 1177 2557; x_wconf 75' lang='grc' dir='ltr'><strong>τούς</strong></span> <span class='ocrx_word' id='word_1_128' title='bbox 1226 2476 1577 2574; x_wconf 69' lang='grc' dir='ltr'>Δελφούς...</span> <span class='ocrx_word' id='word_1_129' title='bbox 1622 2478 1746 2557; x_wconf 74' lang='grc' dir='ltr'><strong>Εἰς</strong></span> <span class='ocrx_word' id='word_1_130' title='bbox 1781 2478 1979 2549; x_wconf 62' lang='grc' dir='ltr'><strong>ταύτά</strong></span> <span class='ocrx_word' id='word_1_131' title='bbox 2008 2478 2071 2547; x_wconf 79' lang='grc' dir='ltr'><strong>δὲ</strong></span> <span class='ocrx_word' id='word_1_132' title='bbox 2108 2478 2455 2549; x_wconf 66' lang='grc' dir='ltr'><strong>οἶποὸλὲπωυ</strong></span> <span class='ocrx_word' id='word_1_133' title='bbox 2484 2479 2589 2547; x_wconf 78' lang='grc' dir='ltr'><strong>καὶ</strong></span> <span class='ocrx_word' id='word_1_134' title='bbox 2634 2480 2823 2576; x_wconf 81' lang='grc' dir='ltr'>Ἀρι-</span> 
     </span>
     <span class='ocr_line' id='line_1_18' title="bbox 574 2596 1039 2694; baseline -0.004 -27"><span class='ocrx_word' id='word_1_135' title='bbox 574 2598 860 2694; x_wconf 62' lang='grc' dir='ltr'>στοφοίνης</span> <span class='ocrx_word' id='word_1_136' title='bbox 898 2596 1039 2692; x_wconf 64' lang='grc' dir='ltr'><strong>ἔφη·</strong></span> 
     </span>
    </p>
   </div>
   <div class='ocr_carea' id='block_1_6' title="bbox 1056 2742 2249 3078">
    <p class='ocr_par' dir='ltr' id='par_1_6' title="bbox 1056 2742 2249 3078">
     <span class='ocr_line' id='line_1_19' title="bbox 1061 2742 2145 2845; baseline 0 -28"><span class='ocrx_word' id='word_1_137' title='bbox 1061 2746 1228 2817; x_wconf 84' lang='grc' dir='ltr'>Ἀλλ’</span> <span class='ocrx_word' id='word_1_138' title='bbox 1270 2742 1317 2815; x_wconf 79' lang='grc' dir='ltr'><em>ὦ</em></span> <span class='ocrx_word' id='word_1_139' title='bbox 1345 2742 1591 2845; x_wconf 68' lang='grc' dir='ltr'>Δελφῶν</span> <span class='ocrx_word' id='word_1_140' title='bbox 1615 2748 1888 2827; x_wconf 76' lang='grc' dir='ltr'>πλείστας</span> <span class='ocrx_word' id='word_1_141' title='bbox 1916 2744 2145 2817; x_wconf 79' lang='grc' dir='ltr'>οἶκονῶν</span> 
     </span>
     <span class='ocr_line' id='line_1_20' title="bbox 1057 2864 1594 2962; baseline -0.002 -30"><span class='ocrx_word' id='word_1_142' title='bbox 1057 2865 1231 2933; x_wconf 71' lang='grc' dir='ltr'>Φοῖἕε</span> <span class='ocrx_word' id='word_1_143' title='bbox 1273 2864 1594 2962; x_wconf 78' lang='grc' dir='ltr'><em>μοιχαῖρας</em></span> 
     </span>
     <span class='ocr_line' id='line_1_21' title="bbox 1056 2978 2249 3078; baseline 0.003 -31"><span class='ocrx_word' id='word_1_144' title='bbox 1056 2980 1160 3048; x_wconf 79' lang='grc' dir='ltr'><strong>καὶ</strong></span> <span class='ocrx_word' id='word_1_145' title='bbox 1187 2978 1599 3076; x_wconf 76' lang='grc' dir='ltr'><em>προδιδάσκων</em></span> <span class='ocrx_word' id='word_1_146' title='bbox 1635 2981 1760 3059; x_wconf 73' lang='grc' dir='ltr'>τους</span> <span class='ocrx_word' id='word_1_147' title='bbox 1786 2984 1919 3060; x_wconf 78' lang='grc' dir='ltr'><strong>σούς</strong></span> <span class='ocrx_word' id='word_1_148' title='bbox 1946 2980 2249 3078; x_wconf 81' lang='grc' dir='ltr'><em>προπόλους</em></span> 
     </span>
    </p>
   </div>
   <div class='ocr_carea' id='block_1_7' title="bbox 568 3136 1611 3240">
    <p class='ocr_par' dir='ltr' id='par_1_7' title="bbox 568 3136 1611 3240">
     <span class='ocr_line' id='line_1_22' title="bbox 568 3136 1611 3240; baseline 0.001 -30"><span class='ocrx_word' id='word_1_149' title='bbox 568 3144 690 3213; x_wconf 80' lang='grc' dir='ltr'><strong>κοίυ</strong></span> <span class='ocrx_word' id='word_1_150' title='bbox 716 3138 826 3233; x_wconf 68' lang='grc' dir='ltr'><strong>τοῖς</strong></span> <span class='ocrx_word' id='word_1_151' title='bbox 855 3136 990 3220; x_wconf 82' lang='grc' dir='ltr'><strong>ἑξῆς</strong></span> <span class='ocrx_word' id='word_1_152' title='bbox 1021 3140 1108 3210; x_wconf 77' lang='grc' dir='ltr'><strong>δ’ὁ</strong></span> <span class='ocrx_word' id='word_1_153' title='bbox 1132 3141 1377 3240; x_wconf 75' lang='grc' dir='ltr'>Ἀχαιός</span> <span class='ocrx_word' id='word_1_154' title='bbox 1407 3168 1611 3239; x_wconf 84' lang='grc' dir='ltr'>φησιν·</span> 
     </span>
    </p>
   </div>
   <div class='ocr_carea' id='block_1_8' title="bbox 559 3324 2816 4295">
    <p class='ocr_par' dir='ltr' id='par_1_8' title="bbox 565 3324 2816 3856">
     <span class='ocr_line' id='line_1_23' title="bbox 652 3324 2816 3405; baseline 0.004 -22"><span class='ocrx_word' id='word_1_155' title='bbox 652 3324 671 3359; x_wconf 83' lang='lat'>¹</span> <span class='ocrx_word' id='word_1_156' title='bbox 700 3326 823 3401; x_wconf 87' lang='lat' dir='ltr'><strong>Ipsi</strong></span> <span class='ocrx_word' id='word_1_157' title='bbox 852 3327 1113 3402; x_wconf 81' lang='lat' dir='ltr'><strong>Pythiae</strong></span> <span class='ocrx_word' id='word_1_158' title='bbox 1142 3328 1202 3385; x_wconf 90' lang='lat' dir='ltr'><strong>in</strong></span> <span class='ocrx_word' id='word_1_159' title='bbox 1227 3344 1437 3387; x_wconf 87' lang='lat' dir='ltr'><strong>manus</strong></span> <span class='ocrx_word' id='word_1_160' title='bbox 1459 3330 1719 3405; x_wconf 84' lang='lat' dir='ltr'><strong>scriptas</strong></span> <span class='ocrx_word' id='word_1_161' title='bbox 1743 3328 1997 3388; x_wconf 88' lang='lat' dir='ltr'><strong>tabellas</strong></span> <span class='ocrx_word' id='word_1_162' title='bbox 2024 3327 2520 3387; x_wconf 84' lang='lat' dir='ltr'><strong>aconsulentibus</strong></span> <span class='ocrx_word' id='word_1_163' title='bbox 2551 3330 2816 3391; x_wconf 81' lang='lat' dir='ltr'><strong>traditas</strong></span> 
     </span>
     <span class='ocr_line' id='line_1_24' title="bbox 565 3413 2816 3492; baseline 0.003 -20"><span class='ocrx_word' id='word_1_164' title='bbox 565 3413 750 3474; x_wconf 83' lang='lat' dir='ltr'><strong>fuisse</strong></span> <span class='ocrx_word' id='word_1_165' title='bbox 781 3416 1196 3492; x_wconf 83' lang='lat' dir='ltr'><strong>Aristophanis</strong></span> <span class='ocrx_word' id='word_1_166' title='bbox 1228 3417 1567 3476; x_wconf 78' lang='lat' dir='ltr'><strong>Scholiasta</strong></span> <span class='ocrx_word' id='word_1_167' title='bbox 1610 3418 1680 3476; x_wconf 88' lang='lat' dir='ltr'><strong>ad</strong></span> <span class='ocrx_word' id='word_1_168' title='bbox 1718 3418 1897 3479; x_wconf 69' lang='lat' dir='ltr'><strong>Ptut.</strong></span> <span class='ocrx_word' id='word_1_169' title='bbox 1932 3435 1992 3479; x_wconf 75' lang='lat' dir='ltr'><strong>v·</strong></span> <span class='ocrx_word' id='word_1_170' title='bbox 2022 3416 2101 3475; x_wconf 89' lang='grc'><strong>39</strong></span> <span class='ocrx_word' id='word_1_171' title='bbox 2130 3416 2366 3487; x_wconf 84' lang='lat' dir='ltr'><strong>asserit,</strong></span> <span class='ocrx_word' id='word_1_172' title='bbox 2421 3434 2574 3491; x_wconf 87' lang='lat' dir='ltr'><strong>quae</strong></span> <span class='ocrx_word' id='word_1_173' title='bbox 2606 3419 2816 3479; x_wconf 85' lang='lat' dir='ltr'><strong>statim</strong></span> 
     </span>
     <span class='ocr_line' id='line_1_25' title="bbox 567 3500 2812 3589; baseline 0.003 -29"><span class='ocrx_word' id='word_1_174' title='bbox 567 3520 856 3578; x_wconf 79' lang='lat' dir='ltr'><strong>responsa</strong></span> <span class='ocrx_word' id='word_1_175' title='bbox 907 3504 1151 3563; x_wconf 83' lang='lat' dir='ltr'><strong>edebat:</strong></span> <span class='ocrx_word' id='word_1_176' title='bbox 1205 3510 1253 3563; x_wconf 75' lang='grc' dir='ltr'><strong>οἱ</strong></span> <span class='ocrx_word' id='word_1_177' title='bbox 1307 3508 1696 3584; x_wconf 70' lang='grc' dir='ltr'><strong>μαντευόμενοι</strong></span> <span class='ocrx_word' id='word_1_178' title='bbox 1753 3505 2004 3589; x_wconf 71' lang='grc' dir='ltr'><em>ἐγγράφῳ</em></span> <span class='ocrx_word' id='word_1_179' title='bbox 2034 3500 2377 3565; x_wconf 72' lang='grc' dir='ltr'>ἁνακοινώσει</span> <span class='ocrx_word' id='word_1_180' title='bbox 2407 3504 2537 3587; x_wconf 75' lang='grc' dir='ltr'><strong>πρὸς</strong></span> <span class='ocrx_word' id='word_1_181' title='bbox 2569 3508 2657 3566; x_wconf 71' lang='grc' dir='ltr'><strong>τὀν</strong></span> <span class='ocrx_word' id='word_1_182' title='bbox 2692 3508 2812 3567; x_wconf 72' lang='grc' dir='ltr'>θεὸν</span> 
     </span>
     <span class='ocr_line' id='line_1_26' title="bbox 565 3586 2815 3676; baseline 0.004 -28"><span class='ocrx_word' id='word_1_183' title='bbox 565 3586 662 3656; x_wconf 74' lang='grc' dir='ltr'><strong>τὰς</strong></span> <span class='ocrx_word' id='word_1_184' title='bbox 680 3596 890 3659; x_wconf 82' lang='grc' dir='ltr'><strong>πεύσεις</strong></span> <span class='ocrx_word' id='word_1_185' title='bbox 906 3592 1200 3664; x_wconf 82' lang='grc' dir='ltr'>ἐποιοῦντο,</span> <span class='ocrx_word' id='word_1_186' title='bbox 1221 3593 1550 3675; x_wconf 80' lang='grc' dir='ltr'>γεγραφότες</span> <span class='ocrx_word' id='word_1_187' title='bbox 1572 3595 1627 3655; x_wconf 84' lang='grc' dir='ltr'><strong>ἐν</strong></span> <span class='ocrx_word' id='word_1_188' title='bbox 1658 3600 1869 3675; x_wconf 73' lang='grc' dir='ltr'><strong>πυκτῖῳ</strong></span> <span class='ocrx_word' id='word_1_189' title='bbox 1899 3595 1959 3653; x_wconf 67' lang='grc' dir='ltr'><strong>τὸ</strong></span> <span class='ocrx_word' id='word_1_190' title='bbox 1979 3590 2120 3653; x_wconf 60' lang='grc' dir='ltr'><strong>κατὰ</strong></span> <span class='ocrx_word' id='word_1_191' title='bbox 2150 3600 2452 3676; x_wconf 68' lang='grc' dir='ltr'>προαίρεσιν</span> <span class='ocrx_word' id='word_1_192' title='bbox 2492 3592 2669 3663; x_wconf 79' lang='grc' dir='ltr'>αὐτοῖς</span> <span class='ocrx_word' id='word_1_193' title='bbox 2700 3604 2815 3656; x_wconf 60' lang='grc' dir='ltr'>κε’·</span> 
     </span>
     <span class='ocr_line' id='line_1_27' title="bbox 567 3678 2804 3767; baseline 0.003 -29"><span class='ocrx_word' id='word_1_194' title='bbox 567 3704 747 3757; x_wconf 82' lang='grc' dir='ltr'>μενον,</span> <span class='ocrx_word' id='word_1_195' title='bbox 778 3681 1028 3765; x_wconf 73' lang='grc' dir='ltr'>στεφάνῳ</span> <span class='ocrx_word' id='word_1_196' title='bbox 1059 3682 1114 3740; x_wconf 83' lang='grc' dir='ltr'><strong>δὲ</strong></span> <span class='ocrx_word' id='word_1_197' title='bbox 1144 3678 1501 3765; x_wconf 68' lang='grc' dir='ltr'>ἀμφιέσαντες</span> <span class='ocrx_word' id='word_1_198' title='bbox 1529 3682 1697 3765; x_wconf 63' lang='grc' dir='ltr'><em>ἁδρῷ,</em></span> <span class='ocrx_word' id='word_1_199' title='bbox 1743 3692 1821 3765; x_wconf 80' lang='grc' dir='ltr'><strong>τῇ</strong></span> <span class='ocrx_word' id='word_1_200' title='bbox 1864 3684 2265 3764; x_wconf 70' lang='grc' dir='ltr'>μαντιπόλῳ</span> <span class='ocrx_word' id='word_1_201' title='bbox 2306 3684 2804 3767; x_wconf 79' lang='grc' dir='ltr'>ἐχειροτόνουν.</span> 
     </span>
     <span class='ocr_line' id='line_1_28' title="bbox 579 3768 2720 3856; baseline 0.002 -29"><span class='ocrx_word' id='word_1_202' title='bbox 579 3769 649 3827; x_wconf 90' lang='grc' dir='ltr'><strong><em>Ἡ</em></strong></span> <span class='ocrx_word' id='word_1_203' title='bbox 705 3771 760 3828; x_wconf 83' lang='grc' dir='ltr'><strong>δὲ</strong></span> <span class='ocrx_word' id='word_1_204' title='bbox 790 3770 1085 3853; x_wconf 81' lang='grc' dir='ltr'>ἐντυχοῦσα</span> <span class='ocrx_word' id='word_1_205' title='bbox 1128 3774 1409 3853; x_wconf 73' lang='grc' dir='ltr'>σύμφωνον</span> <span class='ocrx_word' id='word_1_206' title='bbox 1434 3781 1544 3839; x_wconf 78' lang='grc' dir='ltr'>τοῖς</span> <span class='ocrx_word' id='word_1_207' title='bbox 1580 3778 1999 3854; x_wconf 81' lang='grc' dir='ltr'>προτεινομένοις</span> <span class='ocrx_word' id='word_1_208' title='bbox 2028 3773 2253 3832; x_wconf 76' lang='grc' dir='ltr'>ἐποιεῖτο</span> <span class='ocrx_word' id='word_1_209' title='bbox 2284 3768 2385 3849; x_wconf 75' lang='grc' dir='ltr'><strong>τὴν</strong></span> <span class='ocrx_word' id='word_1_210' title='bbox 2421 3769 2720 3856; x_wconf 82' lang='grc' dir='ltr'>ἀπόκρισιν.</span> 
     </span>
    </p>

    <p class='ocr_par' dir='ltr' id='par_1_9' title="bbox 559 3858 2805 4295">
     <span class='ocr_line' id='line_1_29' title="bbox 645 3858 2805 3945; baseline 0.003 -28"><span class='ocrx_word' id='word_1_211' title='bbox 645 3862 668 3897; x_wconf 78' lang='lat'><strong>²</strong></span> <span class='ocrx_word' id='word_1_212' title='bbox 695 3860 788 3917; x_wconf 83' lang='lat' dir='ltr'><strong>Ex</strong></span> <span class='ocrx_word' id='word_1_213' title='bbox 817 3878 887 3917; x_wconf 91' lang='lat' dir='ltr'><strong>eo</strong></span> <span class='ocrx_word' id='word_1_214' title='bbox 917 3860 1073 3935; x_wconf 89' lang='lat' dir='ltr'><strong>quod</strong></span> <span class='ocrx_word' id='word_1_215' title='bbox 1103 3862 1261 3935; x_wconf 87' lang='lat' dir='ltr'><strong>apud</strong></span> <span class='ocrx_word' id='word_1_216' title='bbox 1281 3861 1659 3919; x_wconf 83' lang='lat' dir='ltr'><strong>Herodotum</strong></span> <span class='ocrx_word' id='word_1_217' title='bbox 1682 3863 1907 3935; x_wconf 88' lang='lat' dir='ltr'><strong>Cobon‚</strong></span> <span class='ocrx_word' id='word_1_218' title='bbox 1925 3858 2099 3943; x_wconf 79' lang='grc' dir='ltr'><em>”οἰνήρ</em></span> <span class='ocrx_word' id='word_1_219' title='bbox 2125 3862 2177 3921; x_wconf 83' lang='grc' dir='ltr'><strong>ἐν</strong></span> <span class='ocrx_word' id='word_1_220' title='bbox 2198 3862 2455 3945; x_wconf 75' lang='grc' dir='ltr'>Δελφοῖσι</span> <span class='ocrx_word' id='word_1_221' title='bbox 2468 3864 2805 3923; x_wconf 83' lang='grc' dir='ltr'>δυναστεύων</span> 
     </span>
     <span class='ocr_line' id='line_1_30' title="bbox 565 3949 2805 4027; baseline 0.003 -20"><span class='ocrx_word' id='word_1_222' title='bbox 565 3950 894 4027; x_wconf 79' lang='grc' dir='ltr'>μὲγιστον“,</span> <span class='ocrx_word' id='word_1_223' title='bbox 930 3949 1193 4025; x_wconf 79' lang='lat' dir='ltr'><strong>Pythiae</strong></span> <span class='ocrx_word' id='word_1_224' title='bbox 1239 3949 1501 4008; x_wconf 88' lang='lat' dir='ltr'><strong>suasisse</strong></span> <span class='ocrx_word' id='word_1_225' title='bbox 1546 3949 1771 4008; x_wconf 88' lang='lat' dir='ltr'><strong>dicitur</strong></span> <span class='ocrx_word' id='word_1_226' title='bbox 1805 3958 1870 4009; x_wconf 89' lang='lat' dir='ltr'><strong>ut</strong></span> <span class='ocrx_word' id='word_1_227' title='bbox 1900 3951 2208 4011; x_wconf 88' lang='lat' dir='ltr'><strong>Cleomeni</strong></span> <span class='ocrx_word' id='word_1_228' title='bbox 2232 3952 2528 4027; x_wconf 85' lang='lat' dir='ltr'><strong>Spartano</strong></span> <span class='ocrx_word' id='word_1_229' title='bbox 2572 3952 2805 4014; x_wconf 82' lang='lat' dir='ltr'><strong>faveret</strong></span> 
     </span>
     <span class='ocr_line' id='line_1_31' title="bbox 565 4036 2797 4122; baseline 0.003 -25"><span class='ocrx_word' id='word_1_230' title='bbox 565 4036 703 4113; x_wconf 89' lang='lat' dir='ltr'>(VI.</span> <span class='ocrx_word' id='word_1_231' title='bbox 735 4036 865 4117; x_wconf 77' lang='lat'><strong>66),</strong></span> <span class='ocrx_word' id='word_1_232' title='bbox 905 4043 1012 4096; x_wconf 82' lang='lat' dir='ltr'><strong>aut</strong></span> <span class='ocrx_word' id='word_1_233' title='bbox 1049 4038 1284 4111; x_wconf 85' lang='lat' dir='ltr'><strong>Timon,</strong></span> <span class='ocrx_word' id='word_1_234' title='bbox 1349 4045 1508 4097; x_wconf 84' lang='grc' dir='ltr'>“τῶν</span> <span class='ocrx_word' id='word_1_235' title='bbox 1537 4039 1762 4121; x_wconf 66' lang='grc' dir='ltr'>Δελφῶν</span> <span class='ocrx_word' id='word_1_236' title='bbox 1790 4036 1923 4121; x_wconf 65' lang='grc' dir='ltr'><strong>ἀνὴρ</strong></span> <span class='ocrx_word' id='word_1_237' title='bbox 1954 4042 2166 4118; x_wconf 79' lang='grc' dir='ltr'>δόκιμος</span> <span class='ocrx_word' id='word_1_238' title='bbox 2194 4045 2354 4120; x_wconf 78' lang='grc' dir='ltr'>ὀμοῖοι</span> <span class='ocrx_word' id='word_1_239' title='bbox 2389 4051 2466 4122; x_wconf 81' lang='grc' dir='ltr'><strong>τῷ</strong></span> <span class='ocrx_word' id='word_1_240' title='bbox 2498 4042 2797 4120; x_wconf 77' lang='grc' dir='ltr'>μάλιστα”,</span> 
     </span>
     <span class='ocr_line' id='line_1_32' title="bbox 561 4126 2799 4203; baseline 0.003 -18"><span class='ocrx_word' id='word_1_241' title='bbox 561 4126 788 4186; x_wconf 78' lang='lat' dir='ltr'><strong>oraculi</strong></span> <span class='ocrx_word' id='word_1_242' title='bbox 837 4126 1142 4186; x_wconf 76' lang='lat' dir='ltr'><strong>ministros</strong></span> <span class='ocrx_word' id='word_1_243' title='bbox 1178 4128 1422 4186; x_wconf 78' lang='lat' dir='ltr'><strong>videtur</strong></span> <span class='ocrx_word' id='word_1_244' title='bbox 1473 4128 1787 4203; x_wconf 86' lang='lat' dir='ltr'><strong>impulisse</strong></span> <span class='ocrx_word' id='word_1_245' title='bbox 1819 4137 1883 4188; x_wconf 88' lang='lat' dir='ltr'><strong>ut</strong></span> <span class='ocrx_word' id='word_1_246' title='bbox 1916 4131 2383 4189; x_wconf 86' lang='lat' dir='ltr'><strong>Atheniensibus</strong></span> <span class='ocrx_word' id='word_1_247' title='bbox 2430 4132 2637 4191; x_wconf 88' lang='lat' dir='ltr'><strong>mitius</strong></span> <span class='ocrx_word' id='word_1_248' title='bbox 2668 4150 2799 4191; x_wconf 82' lang='lat' dir='ltr'><strong>res-</strong></span> 
     </span>
     <span class='ocr_line' id='line_1_33' title="bbox 559 4215 2797 4295; baseline 0.003 -22"><span class='ocrx_word' id='word_1_249' title='bbox 559 4233 810 4293; x_wconf 88' lang='lat' dir='ltr'><strong>ponsum</strong></span> <span class='ocrx_word' id='word_1_250' title='bbox 847 4216 1092 4275; x_wconf 86' lang='lat' dir='ltr'><strong>ederent</strong></span> <span class='ocrx_word' id='word_1_251' title='bbox 1121 4215 1290 4295; x_wconf 92' lang='lat' dir='ltr'>(VII.</span> <span class='ocrx_word' id='word_1_252' title='bbox 1331 4216 1496 4294; x_wconf 82' lang='lat'>141),</span> <span class='ocrx_word' id='word_1_253' title='bbox 1524 4235 1629 4275; x_wconf 80' lang='lat' dir='ltr'><strong>nos</strong></span> <span class='ocrx_word' id='word_1_254' title='bbox 1664 4218 1812 4277; x_wconf 90' lang='lat' dir='ltr'><strong>nihil</strong></span> <span class='ocrx_word' id='word_1_255' title='bbox 1847 4218 2073 4277; x_wconf 82' lang='lat' dir='ltr'><strong>lucrari</strong></span> <span class='ocrx_word' id='word_1_256' title='bbox 2128 4236 2443 4295; x_wconf 84' lang='lat' dir='ltr'><strong>possumus</strong></span> <span class='ocrx_word' id='word_1_257' title='bbox 2470 4224 2544 4280; x_wconf 88' lang='lat' dir='ltr'><strong>ad</strong></span> <span class='ocrx_word' id='word_1_258' title='bbox 2590 4240 2797 4281; x_wconf 86' lang='lat' dir='ltr'><strong>neces-</strong></span> 
     </span>
    </p>
   </div>
   <div class='ocr_carea' id='block_1_9' title="bbox 555 4303 2795 4469">
    <p class='ocr_par' dir='ltr' id='par_1_10' title="bbox 555 4303 2795 4469">
     <span class='ocr_line' id='line_1_34' title="bbox 555 4303 2795 4384; baseline 0.004 -21"><span class='ocrx_word' id='word_1_259' title='bbox 555 4304 879 4363; x_wconf 82' lang='lat' dir='ltr'><strong>situdinem</strong></span> <span class='ocrx_word' id='word_1_260' title='bbox 934 4303 1398 4379; x_wconf 84' lang='lat' dir='ltr'><strong>dignoscendam</strong></span> <span class='ocrx_word' id='word_1_261' title='bbox 1441 4324 1595 4382; x_wconf 87' lang='lat' dir='ltr'><strong>quae</strong></span> <span class='ocrx_word' id='word_1_262' title='bbox 1646 4324 1722 4365; x_wconf 82' lang='lat' dir='ltr'><strong>ex</strong></span> <span class='ocrx_word' id='word_1_263' title='bbox 1776 4308 1909 4384; x_wconf 87' lang='lat' dir='ltr'><strong>lege</strong></span> <span class='ocrx_word' id='word_1_264' title='bbox 1931 4325 2000 4367; x_wconf 89' lang='lat' dir='ltr'><strong>ac</strong></span> <span class='ocrx_word' id='word_1_265' title='bbox 2031 4307 2165 4368; x_wconf 84' lang='lat' dir='ltr'><strong>iure</strong></span> <span class='ocrx_word' id='word_1_266' title='bbox 2194 4307 2356 4366; x_wconf 85' lang='lat' dir='ltr'><strong>inter</strong></span> <span class='ocrx_word' id='word_1_267' title='bbox 2406 4308 2715 4369; x_wconf 84' lang='lat' dir='ltr'><strong>civitatem</strong></span> <span class='ocrx_word' id='word_1_268' title='bbox 2738 4320 2795 4371; x_wconf 89' lang='lat' dir='ltr'><strong>et</strong></span> 
     </span>
     <span class='ocr_line' id='line_1_35' title="bbox 556 4392 1308 4469; baseline 0.007 -18"><span class='ocrx_word' id='word_1_269' title='bbox 556 4392 842 4469; x_wconf 77' lang='lat' dir='ltr'><strong>templum</strong></span> <span class='ocrx_word' id='word_1_270' title='bbox 875 4392 1308 4456; x_wconf 78' lang='lat' dir='ltr'><strong>intercedebat.</strong></span> 
     </span>
    </p>
   </div>
  </div>
 </body>
</html>
