2975 5217
1531 370 1887 437 ...12-

585 512 1056 585 tantummodo
1081 511 1202 584 ubi
1243 515 1639 585 sacerdotes
1672 514 2077 597 nominandi
2110 524 2331 587 erant.
2364 506 2869 588 Athenienses

583 632 931 723 Exegetas
957 629 1497 725 πυθοχρήστουςρἱ
1520 654 1659 702 non
1688 630 1808 702 illo
1842 630 2039 702 modo
2069 632 2284 703 creati
2310 630 2594 703 fuerunt
2616 628 2877 727 ‘quern⁸

584 747 782 818 Plato
828 744 1255 838 desei-ipsiu,
1292 746 1725 842 aliquatenus
1778 756 2008 818 tamen
2039 769 2077 817 a
2130 746 2386 843 Pythia
2418 736 2859 840 designatos

583 862 804 937 fuisse
847 861 1074 956 ipsum
1119 885 1370 934 nomen
1433 863 1676 935 testari
1723 862 2025 936 videtur.
2078 862 2298 936 Plura
2344 862 2459 937 hic
2506 863 2855 958 proferre

585 1001 877 1074 nequeo,

678 1216 758 1286 In
813 1212 1259 1309 approbando
1325 1212 1440 1285 vel
1517 1212 1867 1285 reiciendo
1927 1235 2102 1308 quae
2164 1212 2454 1287 consilia
2509 1214 2855 1288 homines

578 1331 1168 1425 excogitaverant,
1218 1331 1448 1400 autin
1498 1328 1823 1423 eligendo
1886 1353 2099 1400 unum
2155 1330 2340 1401 inter
2398 1320 2627 1425 plura,
2684 1354 2843 1403 non

577 1456 794 1521 totum
841 1445 1130 1518 deorum
1179 1469 1350 1541 opus
1396 1445 1780 1541 ponebatur
1844 1472 1859 1517 ε
1922 1467 1963 1519 a
2010 1444 2254 1541 quibus
2312 1470 2831 1543 nonnunquam

578 1563 856 1659 exposci
894 1561 1236 1650 videmuS‚
1287 1570 1360 1633 ut
1391 1562 1580 1654 inopi
1628 1561 1898 1633 cuidam
1941 1562 2214 1653 consilii
2258 1572 2644 1636 monstrent
2684 1586 2831 1660 quo

581 1704 656 1753 se
683 1689 910 1752 vertat
937 1678 1047 1751 vel
1078 1679 1243 1774 quid
1270 1678 1550 1750 tandem
1576 1689 1777 1770 agat3
1813 1678 2002 1749 velut
2023 1679 2109 1750 ab
2139 1678 2489 1773 Apolline,
2524 1701 2704 1752 anno
2746 1703 2821 1752 a.

580 1797 747 1871 Chr.
784 1796 957 1882 370,
993 1794 1434 1867 sciscitantur
1454 1792 1707 1889 Delphi
1727 1794 1780 1861 τὲ
1802 1795 1921 1891 χρή
1942 1798 2146 1881 ποιεῖν,
2173 1794 2275 1863 ε’ἀν
2314 1796 2590 1887 λαμὸοἱνῃ
2632 1798 2829 1886 (Iaso

576 1912 962 2006 Pheraeus)
997 1915 1110 1981 τῶν
1137 1918 1233 1980 τσῦ
1263 1913 1388 1979 θεοῦ
1426 1908 1821 2007 χρημάτωνῖ.
1860 1910 2057 1982 'salis
2087 1934 2250 1983 usus
2279 1912 2723 1983 divinationis
2746 1914 2828 1983 in

577 2029 1041 2102 monumentis
1097 2049 1273 2123 quae
1329 2039 1702 2119 supersunt
1760 2026 1984 2097 rarius
2035 2037 2320 2121 apparet
2382 2049 2584 2122 quam
2644 2051 2825 2124 quos

573 2146 796 2223 adhuc
825 2143 1443 2233 consideravimuS,
1481 2165 1611 2215 nec
1640 2141 1879 2213 dubito
1919 2143 2083 2237 quin
2112 2143 2182 2212 in
2214 2144 2639 2216 Graecorum
2669 2145 2821 2217 vita

573 2261 915 2335 cotidiana
976 2260 1258 2334 omnino
1323 2260 1551 2331 rarior
1608 2256 1880 2331 fueritss.
1946 2260 2377 2354 Quemquam.
2445 2260 2823 2354 aliquando

573 2375 862 2470 Delphis
896 2375 1321 2471 quaesivisse
1353 2373 1536 2446 unde
1595 2398 1762 2448 uxor
1813 2373 2150 2463 ducenda,
2194 2383 2268 2446 ut
2307 2374 2495 2469 apud
2545 2375 2819 2448 Pausa-

573 2493 757 2565 niam
787 2493 950 2589 (IV.
991 2492 1116 2563 2⁴.
1172 2489 1241 2589 1)
1275 2491 1700 2583 Damagetus
1730 2491 2025 2585 quaerit,
2072 2489 2391 2585 equidem
2424 2491 2541 2563 vix
2580 2491 2819 2563 credi-

572 2608 790 2681 derim
829 2633 847 2698 3
934 2631 1155 2704 neque
1239 2607 1464 2678 multo
1527 2606 1976 2678 verisimilius
2064 2606 2429 2679 cuiuslibet
2506 2630 2812 2703 unquam

570 2710 870 2799 civitatis
899 2725 1091 2795 cives
1119 2746 1388 2815 regem,
1428 2732 1504 2794 ut
1532 2723 1627 2795 ita
1648 2720 1895 2811 dicam,
1932 2724 2016 2794 de
2048 2723 2238 2794 caelo
2270 2726 2805 2819 exspectavisse,

573 2865 704 2937 quo
743 2840 942 2915 modo
991 2850 1144 2935 post
1193 2839 1567 2911 exstinctos
1634 2838 2088 2911 Heracleidas
2134 2840 2389 2932 Argivi
2432 2840 2809 2913 secundum

568 3096 878 3171 opiniones
927 3094 1046 3169 (Cf.
1090 3093 1368 3171 inprimis
1417 3094 1627 3153 F'ustel
1680 3094 1753 3151 de
1797 3093 2151 3171 Coulanges‚
2205 3093 2573 3155 Prome-mes
2614 3094 2807 3156 d’lzis-

568 3187 752 3253 croire,
774 3204 835 3262 p.
871 3185 988 3244 155
1015 3182 1136 3262 sq.)
1170 3188 1376 3259 utpote
1404 3183 1620 3243 dubias
1646 3182 1878 3242 omitto.

649 3273 668 3307 ¹
693 3275 929 3349 122qu,
961 3293 1016 3349 p.
1048 3268 1170 3332 759
1200 3272 1249 3331 D
1277 3291 1291 3329 τ
1322 3269 1443 3337 τοὺς
1479 3272 1535 3329 δὲ
1567 3266 1830 3349 ἐξηγητὰς
1848 3269 1961 3353 τρὶς
1992 3273 2304 3354 φερέτωσαν
2332 3272 2429 3351 μὲν
2460 3278 2515 3331 αἱ
2551 3276 2806 3357 τέτταρες

567 3361 726 3447 φυλαὶ
766 3366 1038 3443 τέτταρας,
1075 3359 1300 3421 ἕκαστον
1331 3359 1381 3430 ἐξ
1407 3364 1613 3431 αὐτῶν,
1639 3370 1778 3441 τρεῖς
1802 3360 1879 3435 δὲ,
1913 3359 1987 3426 οἷς
2008 3356 2070 3419 ἂν
2102 3363 2327 3439 πλείστη
2358 3364 2583 3441 γένηται
2601 3366 2799 3447 ψῆφος,

565 3452 966 3531 δοκιμάσαντας
1003 3452 1158 3510 ἐννέα
1201 3451 1436 3529 πέμπειν
1469 3448 1542 3515 εἷς
1572 3448 1810 3531 Δελφοὺς
1854 3444 2060 3509 ἀνελεῖν
2095 3450 2145 3521 ἐξ
2176 3452 2411 3527 ἑκάστης
2446 3452 2659 3533 τριάδος
2688 3450 2799 3514 ἕνα.

565 3532 652 3601 Cf.
691 3543 1005 3611 Petersen,
1038 3540 1100 3598 in
1128 3539 1498 3613 Philoloyo,
1540 3541 1617 3599 10‘
1647 3537 2222 3613 Supplementband,
2254 3558 2311 3615 p.
2340 3538 2624 3603 157-159.

643 3630 667 3665 ²
695 3631 880 3703 Xen.‚
913 3629 1150 3689 Hellen
1182 3674 1198 3699 ‚
1222 3629 1338 3689 VI.
1373 3628 1431 3687 4.
1455 3626 1557 3687 30.

641 3718 665 3752 ³
686 3718 810 3777 Vix
836 3725 926 3778 est
945 3718 1097 3794 quod
1123 3734 1396 3777 moneam
1419 3734 1515 3775 me
1543 3714 1984 3777 consulentium
2008 3716 2381 3778 voluntatem
2401 3720 2602 3797 potius
2624 3739 2798 3797 quam

561 3809 749 3868 verba
775 3807 1096 3884 respicere.
1129 3807 1293 3865 Luce
1315 3806 1539 3865 clarius
1569 3810 1661 3863 est
1686 3807 1975 3881 Cymaeos
2004 3808 2096 3884 (ut
2124 3808 2414 3883 exemplis
2447 3807 2633 3887 utar),
2666 3828 2801 3871 cum

561 3898 702 3955 deos
729 3902 1016 3972 rogarent
1038 3898 1213 3956 ὁκοῖόν
1234 3919 1284 3954 τι
1306 3892 1579 3961 ποιέοντες
1605 3899 1767 3954 θεοῖσι
1798 3894 2051 3972 μέλλοιεν
2082 3900 2385 3977 χαριεῖσθαι
2418 3896 2701 3977 (Herod.‚
2744 3901 2796 3958 1.

567 3986 728 4063 153),
762 3986 836 4045 de
865 3986 975 4043 hoc
991 3991 1219 4043 tantum
1245 3983 1574 4061 dubitasse,
1606 3984 2001 4043 traderentne
2028 3985 2317 4061 Pactyam
2342 4004 2533 4044 annon
2562 4007 2577 4061 3
2610 3989 2801 4065 Argi-

562 4094 689 4136 vos.
715 4093 848 4132 cum
867 4074 1318 4132 sciscitarentur
1337 4071 1410 4138 ὥς
1440 4098 1528 4155 σφι
1560 4073 1745 4151 μέλλει
1774 4070 1989 4154 ἄριστον
2019 4082 2224 4134 ποιεῦσι
2245 4076 2495 4152 γενέσθαι
2517 4073 2797 4152 (He·1·od.‚

563 4162 893 4238 V11.148)‚
935 4163 996 4219 in
1042 4162 1248 4220 eadem
1293 4164 1586 4220 sententia
1632 4161 1815 4219 fuisse
1860 4167 2038 4238 atque
2076 4164 2284 4225 Cretes
2317 4180 2571 4243 quorum
2615 4168 2800 4227 verba

563 4270 743 4328 supra
777 4251 1102 4309 memoravi
1143 4250 1312 4323 (VII.
1348 4249 1531 4327 169>3
1566 4258 1680 4309 etc.
