2975 5217
1101 512 1458 577 -91.„.

133 657 488 750 tyrannis
526 656 752 728 vexati
774 655 825 744 ¹,
869 655 1038 727 adeo
1084 679 1222 727 non
1262 654 1541 728 Crissae
1594 647 1967 729 benevolos
2006 679 2160 729 sese
2190 677 2407 752 prae-

131 771 482 861 buerunt,
538 772 719 844 utin
767 773 1008 843 urbem
1058 772 1350 868 (lenique
1382 773 1767 844 vicinorum
1815 772 2227 867 populorum
2256 771 2410 843 odia

133 888 586 978 concierent,
619 897 686 960 et
717 888 1003 959 exscidii
1023 898 1341 961 auctores
1360 889 1631 961 fierent.
1665 888 2123 961 Pessumdata
2144 888 2402 976 Orissa,

132 1003 214 1073 in
277 1004 592 1075 civitatis
658 1003 884 1076 locum
937 1006 1187 1097 Delphi
1222 1006 1528 1099 provecti
1585 1016 1767 1078 sunt.
1807 1008 1873 1078 A
1919 1028 2051 1100 quo
2099 1015 2407 1098 tempore
2516 998 2524 1008 “

134 1120 535 1193 verisimile
578 1130 683 1194 est
712 1121 891 1194 inter
927 1122 1509 1217 magistratusque
1566 1123 1808 1195 civiles
1856 1134 1923 1193 et
1961 1120 2222 1193 oraculi
2262 1122 2400 1191 mi-

136 1236 418 1307 nistros
480 1238 966 1310 commercium
1043 1262 1177 1309 non
1256 1261 1531 1333 semper
1593 1239 1779 1311 idem
1835 1238 2220 1329 mansisse3
2284 1238 2405 1314 sed

139 1352 508 1447 quodnam
557 1362 746 1426 certa
795 1378 1069 1451 quaque
1117 1363 1339 1427 aetate
1384 1355 1618 1447 fuerit,
1673 1378 1921 1450 parum
1978 1363 2405 1447 compertum

137 1466 521 1541 habemus
583 1470 908 1565 Pythiam
950 1471 1317 1566 Euripides
1366 1471 1530 1542 dicit
1566 1494 1649 1543 ex
1697 1470 2015 1541 omnibus
2049 1470 2403 1563 Delphicis

139 1582 560 1656 mulieribus
589 1585 874 1659 electam
895 1586 1148 1659 fuisse2
1176 1612 1194 1677 3
1233 1588 1383 1681 quis
1408 1609 1574 1658 vero
1604 1587 1799 1659 illam
1829 1586 2146 1679 elegerit,
2187 1587 2403 1678 igno—-

143 1723 418 1772 ramus.
466 1703 618 1775 Hoc
661 1726 924 1797 quoque
963 1713 1159 1797 poeta
1193 1686 1514 1792 testatur,
1559 1705 1744 1775 iuxta
1804 1703 2075 1797 tripoda
2140 1703 2401 1774 edisses

141 1816 590 1911 Delphorum
650 1818 1016 1891 nonnullos
1073 1818 1338 1914 α’ριστεῖς
1379 1829 1563 1891 sorte
1608 1818 2094 1913 designatos³;
2156 1818 2279 1891 sed
2318 1818 2402 1888 de

141 1931 288 2003 illis
333 1955 582 2005 rursus
610 1933 1013 2027 ignoramus
1055 1946 1122 2007 et
1161 1959 1246 2007 ex
1280 1936 1527 2030 quibus
1567 1936 1910 2029 desumpti
1956 1935 2119 2023 sint,
2158 1944 2226 2005 et
2253 1933 2398 2028 qui·
2457 2028 2461 2032 ἢ

142 2070 312 2120 nam
344 2046 605 2123 fuerint
633 2092 729 2103 -
758 2052 1027 2147 (utrum
1061 2051 1300 2145 templi
1339 2054 1468 2123 soli
1497 2050 1878 2124 antistites⁴
1907 2074 1997 2122 an
2030 2052 2398 2144 magistra-

147 2176 262 2236 tus
294 2165 477 2236 varii
524 2167 756 2261 quales
804 2168 873 2237 in
922 2167 1353 2262 Coropaeum
1386 2170 1717 2263 templum
1760 2168 2167 2245 convenisse
2198 2166 2397 2238 modo

233 2342 254 2377 ²
285 2344 381 2401 Ad
439 2342 851 2404 Crissaeorum
902 2346 1188 2406 saevitias
1232 2347 1490 2407 fortasse
1540 2347 1817 2407 alludunt
1849 2344 2139 2405 homerici
2168 2344 2395 2420 hymni

147 2436 222 2491 in
267 2434 646 2509 Apollinem
675 2436 987 2512 Pythium
1019 2454 1234 2497 versus
1261 2437 1577 2497 364-365:
1611 2418 1824 2497 ἄλλοι’
1802 2460 1913 2496 επει
1900 2437 1966 2494 ·θ
2014 2440 2138 2515 ὑμιν
2172 2432 2393 2512 σημάν-

144 2546 306 2605 τορες
332 2522 554 2605 ἅνδρες”
533 2548 740 2585 εσονται
777 2525 978 2601 Ιτῶν
959 2528 1066 2585 υπ’
1093 2522 1364 2609 ἀναγκαιῃ
1409 2528 1727 2605 δεδμήσεσθ’
1763 2524 1954 2605 ἤματα
1982 2525 2177 2585 πάντα.
2220 2524 2393 2583 Ceto·-

146 2630 292 2671 rum
319 2612 395 2673 cf.
423 2613 794 2689 Busoltium‚
835 2633 892 2675 ο.
930 2616 972 2676 l.
987 2615 1092 2687 ‚,I2
1121 2633 1180 2692 p.
1211 2616 1334 2675 692
1354 2622 1495 2676 etn.
1524 2616 1584 2685 3,
1626 2618 1683 2678 4.
1956 2630 1961 2635 ’

237 2699 260 2734 ²
289 2702 524 2779 Eurip„
556 2702 704 2772 Ion,
738 2722 801 2765 V.
841 2704 1038 2764 1323·
1068 2713 1258 2765 πασῶν
1290 2706 1572 2789 Δελφίδων
1604 2706 1883 2787 ἐξαίρετος.

234 2790 258 2826 ³
290 2791 484 2861 Ibid„
526 2810 587 2852 V.
617 2792 772 2851 414-
779 2792 942 2853 416:
976 2797 1114 2853 IQN
1144 2829 1219 2840 —
1244 2796 1413 2853 Ηαεῖ
1398 2820 1440 2861 ,ς
1478 2796 1547 2854 τί
1578 2798 1644 2874 γ’
1675 2796 1727 2865 ἐξ
1736 2821 1798 2867 ω,
1824 2801 1931 2853 τῶν
1961 2794 2071 2853 ἔσω
2103 2794 2131 2851 δ
2151 2790 2379 2859 ’ἄλλοις

153 2882 334 2960 μὲλεη
369 2879 381 2960 Ι
419 2884 470 2939 οἱ
513 2880 746 2957 πλησίον
797 2882 1049 2943 θάσσουσι
1106 2886 1373 2965 τρίποδος,
1423 2886 1466 2941 ι’)
1525 2883 1659 2959 ξένε,
1699 2884 1709 2963 Ι
1748 2886 1972 2967 Δελφῶν
2017 2878 2259 2964 ἀριστῆς,
2305 2884 2395 2947 οὓς

157 2973 461 3053 ἐκλήρωσεν
489 2972 678 3049 πάλος.

239 3060 264 3097 ⁴
294 3062 481 3134 Quam
535 3062 874 3138 opinionem
917 3063 970 3123 si
1027 3065 1378 3140 complexus
1408 3065 1551 3136 eriS‚
1590 3084 1780 3123 novae
1816 3064 2158 3141 questiones
2187 3064 2391 3123 statim

155 3150 446 3210 orientur.
505 3152 654 3211 Cum
706 3153 867 3211 enim
907 3152 1248 3228 complures
1308 3162 1479 3228 poeta
1540 3155 1826 3226 nominet,
1898 3153 2161 3211 dubitari
2195 3156 2392 3227 potest

161 3257 304 3300 num
349 3239 409 3298 in
439 3258 644 3299 omnes
673 3240 848 3301 cadat
875 3243 1130 3301 verbum
1180 3247 1523 3324 προφητεύει.
1582 3244 1780 3302 Unum
1820 3242 2172 3319 prophetam
2202 3240 2392 3301 Hero-

161 3331 330 3389 dotus
359 3330 522 3389 novit
551 3329 750 3407 (V111.
785 3329 914 3408 36),
957 3331 1298 3408 complures
1327 3340 1531 3392 autem
1578 3332 1873 3391 Aelianus
1916 3332 2115 3407 (Hist.
2152 3325 2387 3401 anim..

159 3421 242 3479 X.
273 3416 388 3496 26);
420 3418 812 3496 deprophetis
840 3420 1021 3478 silent
1052 3420 1504 3497 inscriptiones,
1532 3422 2042 3504 ubitantumiepffzc
2072 3424 2387 3497 apparent3

169 3508 408 3584 cogitari
457 3515 653 3584 potest
681 3507 877 3584 primo
905 3527 1089 3568 unum
1133 3510 1320 3569 fuisse
1368 3512 1749 3588 prophetam,
1786 3511 2002 3570 deinde
2048 3506 2389 3585 complures

171 3614 309 3674 quos
329 3597 442 3655 alio
471 3598 711 3656 nomine
739 3602 891 3680 ἱερεῖς
921 3616 1155 3675 quoque
1180 3598 1597 3675 appellabant.
1655 3608 1973 3659 uncturam
2003 3617 2149 3658 vero
2177 3598 2392 3657 verbo-

172 3704 300 3747 rum
325 3704 495 3761 quam
527 3687 696 3746 nobis
738 3688 1056 3764 Euripides
1102 3690 1351 3765 praebet
1411 3688 1515 3767 (τίς
1573 3692 1943 3773 προφητεύει..
1954 3712 2024 3759 .;
2085 3688 2383 3771 Δελφῶν..

175 3772 475 3858 ἀριστῆς..)
498 3793 610 3851 ego
637 3794 754 3834 non
783 3779 935 3835 tanti
958 3777 1108 3835 facio
1138 3783 1205 3836 ut
1233 3779 1436 3837 statim
1443 3779 1742 3856 colligam
1765 3785 1907 3838 tunc
1930 3735 2219 3854 temporis
2251 3791 2386 3835 cum

177 3872 332 3942 poeta
359 3864 601 3940 scripsit
655 3864 992 3941 complures
1019 3867 1341 3943 prophetas
1380 3868 1562 3927 simul
1593 3869 1924 3940 exstitisse,
1968 3874 2210 3944 praeter
2238 3885 2387 3968 quos

181 3954 416 4030 Pythiae
444 3952 644 4012 nullus
666 3953 996 4029 adsidebat3
1021 3955 1158 4013 fieri
1193 3956 1384 4031 potuit
1416 3967 1482 4015 ut
1508 3966 1746 4034 praeter
1770 3959 2121 4034 prophetam
2152 3954 2301 4035 (vel,
2333 3957 2384 4014 si

179 4042 372 4111 mam,
415 4060 598 4101 unum
647 4041 1107 4121 prophetarum)
1152 4045 1491 4104 sacerdotes
1545 4047 1648 4105 alii
1678 4048 2010 4115 adstarent,
2060 4045 2252 4103 Hos-ii
2285 4046 2377 4104 in-

177 4132 380 4212 primis,
400 4132 473 4191 de
515 4132 732 4208 quibus
775 4133 1145 4194 Plutarchus
1176 4136 1404 4195 diserte
1433 4136 1730 4211 loquitur,
1767 4144 2070 4195 recentem
2102 4142 2384 4195 eventum

180 4221 420 4282 referens
449 4220 568 4298 (De
585 4222 724 4297 def.
754 4240 929 4282 orae.
917 4266 958 4295 .‚
990 4229 1024 4303 ἓ
1053 4223 1177 4293 51).
1192 4267 1234 4285 ..
1270 4222 1411 4285 ὥστε
1443 4234 1627 4308 φυγεῖν
1679 4222 1755 4305 μὴ
1800 4228 1958 4303 μόνον
1997 4224 2118 4291 τοὺς
2157 4228 2389 4307 θεοπρό-

177 4334 298 4377 πους
344 4306 478 4369 ἀλλὰ
515 4309 604 4369 καὶ
657 4310 749 4370 τὸν
780 4314 1068 4394 προφήτην
1097 4314 1400 4393 Νίκανδρον
1439 4314 1700 4393 (scilicet
1734 4316 1974 4373 unicum
2002 4313 2381 4391 prophetam,
2419 4356 2424 4363 -

176 4399 272 4459 vel
294 4398 447 4458 illum
474 4398 1102 4479 quiluncadsidebat)
1136 4400 1437 4468 καὶτοὺς
1465 4404 1799 4486 παρόντας
1830 4410 1957 4461 τῶν
1997 4402 2258 4462 “.()σίων
