<?xml version="1.0" encoding="UTF-8"?>
<!DOCTYPE html PUBLIC "-//W3C//DTD XHTML 1.0 Transitional//EN"
    "http://www.w3.org/TR/xhtml1/DTD/xhtml1-transitional.dtd">
<html xmlns="http://www.w3.org/1999/xhtml" xml:lang="en" lang="en">
 <head>
  <title>
</title>
<meta http-equiv="Content-Type" content="text/html;charset=utf-8" />
  <meta name='ocr-system' content='tesseract 3.04.00' />
  <meta name='ocr-capabilities' content='ocr_page ocr_carea ocr_par ocr_line ocrx_word'/>
</head>
<body>
  <div class='ocr_page' id='page_1' title='image "./quoanimograecip00legrgoog_0036.png"; bbox 0 0 2975 5217; ppageno 0'>
   <div class='ocr_carea' id='block_1_1' title="bbox 1550 435 1903 507">
    <p class='ocr_par' dir='ltr' id='par_1_1' title="bbox 1550 435 1903 507">
     <span class='ocr_line' id='line_1_1' title="bbox 1550 435 1903 507; baseline 0.006 -18"><span class='ocrx_word' id='word_1_1' title='bbox 1550 435 1903 507; x_wconf 77' lang='lat'>-26—</span> 
     </span>
    </p>
   </div>
   <div class='ocr_carea' id='block_1_2' title="bbox 590 576 2950 2771">
    <p class='ocr_par' dir='ltr' id='par_1_2' title="bbox 590 576 2950 2771">
     <span class='ocr_line' id='line_1_2' title="bbox 594 576 2879 682; baseline 0.002 -31"><span class='ocrx_word' id='word_1_2' title='bbox 594 580 882 653; x_wconf 83' lang='lat' dir='ltr'>consilio</span> <span class='ocrx_word' id='word_1_3' title='bbox 926 576 1174 677; x_wconf 69' lang='lat' dir='ltr'>postea‘</span> <span class='ocrx_word' id='word_1_4' title='bbox 1216 584 1694 680; x_wconf 81' lang='lat' dir='ltr'>Trophonium</span> <span class='ocrx_word' id='word_1_5' title='bbox 1744 586 1973 675; x_wconf 85' lang='lat' dir='ltr'>adit⁴5</span> <span class='ocrx_word' id='word_1_6' title='bbox 2020 586 2200 679; x_wconf 83' lang='lat' dir='ltr'>Agis</span> <span class='ocrx_word' id='word_1_7' title='bbox 2254 586 2557 682; x_wconf 89' lang='lat' dir='ltr'>quidam,</span> <span class='ocrx_word' id='word_1_8' title='bbox 2615 593 2879 657; x_wconf 85' lang='lat' dir='ltr'>cetera</span> 
     </span>
     <span class='ocr_line' id='line_1_3' title="bbox 593 698 2950 799; baseline 0.001 -30"><span class='ocrx_word' id='word_1_9' title='bbox 593 698 903 790; x_wconf 77' lang='lat' dir='ltr'>ignotuS,</span> <span class='ocrx_word' id='word_1_10' title='bbox 933 699 1266 773; x_wconf 84' lang='lat' dir='ltr'>Dodonae</span> <span class='ocrx_word' id='word_1_11' title='bbox 1289 701 1378 772; x_wconf 79' lang='lat' dir='ltr'>&#39;de</span> <span class='ocrx_word' id='word_1_12' title='bbox 1401 701 1709 796; x_wconf 88' lang='lat' dir='ltr'>pulvinis</span> <span class='ocrx_word' id='word_1_13' title='bbox 1738 700 2147 799; x_wconf 81' lang='lat' dir='ltr'>culcitisque</span> <span class='ocrx_word' id='word_1_14' title='bbox 2184 711 2636 796; x_wconf 87' lang='lat' dir='ltr'>percontatur</span> <span class='ocrx_word' id='word_1_15' title='bbox 2666 722 2877 797; x_wconf 85' lang='lat' dir='ltr'>quae</span> <span class='ocrx_word' id='word_1_16' title='bbox 2949 748 2950 755; x_wconf 22' lang='grc' dir='ltr'><strong>κ</strong></span> 
     </span>
     <span class='ocr_line' id='line_1_4' title="bbox 590 810 2950 912; baseline 0.002 -29"><span class='ocrx_word' id='word_1_17' title='bbox 590 810 741 909; x_wconf 89' lang='lat' dir='ltr'>ipse</span> <span class='ocrx_word' id='word_1_18' title='bbox 764 814 1003 887; x_wconf 84' lang='lat' dir='ltr'>amisit</span> <span class='ocrx_word' id='word_1_19' title='bbox 1031 817 1144 888; x_wconf 89' lang='lat' dir='ltr'>vel</span> <span class='ocrx_word' id='word_1_20' title='bbox 1172 814 1419 912; x_wconf 91' lang='lat' dir='ltr'>aliquis</span> <span class='ocrx_word' id='word_1_21' title='bbox 1445 816 1635 890; x_wconf 89' lang='lat' dir='ltr'>furto</span> <span class='ocrx_word' id='word_1_22' title='bbox 1666 817 2006 912; x_wconf 84' lang='lat' dir='ltr'>subripuit</span> <span class='ocrx_word' id='word_1_23' title='bbox 2023 818 2095 908; x_wconf 88' lang='lat'>⁵5</span> <span class='ocrx_word' id='word_1_24' title='bbox 2128 828 2257 891; x_wconf 85' lang='lat' dir='ltr'>etc.</span> <span class='ocrx_word' id='word_1_25' title='bbox 2287 818 2506 890; x_wconf 89' lang='lat' dir='ltr'>Vides</span> <span class='ocrx_word' id='word_1_26' title='bbox 2534 819 2872 891; x_wconf 85' lang='lat' dir='ltr'>Graecos</span> <span class='ocrx_word' id='word_1_27' title='bbox 2949 886 2950 905; x_wconf 19' lang='grc' dir='ltr'><strong>ἶ</strong></span> 
     </span>
     <span class='ocr_line' id='line_1_5' title="bbox 591 929 2868 1028; baseline 0.004 -28"><span class='ocrx_word' id='word_1_28' title='bbox 591 950 634 1001; x_wconf 89' lang='lat' dir='ltr'>a</span> <span class='ocrx_word' id='word_1_29' title='bbox 661 929 903 1001; x_wconf 86' lang='lat' dir='ltr'>divino</span> <span class='ocrx_word' id='word_1_30' title='bbox 931 930 1228 1003; x_wconf 84' lang='lat' dir='ltr'>libenter</span> <span class='ocrx_word' id='word_1_31' title='bbox 1262 932 1722 1025; x_wconf 83' lang='lat' dir='ltr'>postulavisse</span> <span class='ocrx_word' id='word_1_32' title='bbox 1750 944 1849 1016; x_wconf 82' lang='lat' dir='ltr'>ut,</span> <span class='ocrx_word' id='word_1_33' title='bbox 1885 933 2141 1028; x_wconf 88' lang='lat' dir='ltr'>si-quid</span> <span class='ocrx_word' id='word_1_34' title='bbox 2172 957 2258 1005; x_wconf 84' lang='lat' dir='ltr'>ex</span> <span class='ocrx_word' id='word_1_35' title='bbox 2286 934 2594 1028; x_wconf 88' lang='lat' dir='ltr'>ipsorum</span> <span class='ocrx_word' id='word_1_36' title='bbox 2620 930 2868 1005; x_wconf 89' lang='lat' dir='ltr'>oculis</span> 
     </span>
     <span class='ocr_line' id='line_1_6' title="bbox 593 1044 2950 1147; baseline 0 -31"><span class='ocrx_word' id='word_1_37' title='bbox 593 1044 897 1139; x_wconf 79' lang='lat' dir='ltr'>fugerat,</span> <span class='ocrx_word' id='word_1_38' title='bbox 941 1048 1134 1141; x_wconf 86' lang='lat' dir='ltr'>quasi</span> <span class='ocrx_word' id='word_1_39' title='bbox 1162 1047 1382 1141; x_wconf 84' lang='lat' dir='ltr'>digito</span> <span class='ocrx_word' id='word_1_40' title='bbox 1426 1071 1674 1119; x_wconf 90' lang='lat' dir='ltr'>rursus</span> <span class='ocrx_word' id='word_1_41' title='bbox 1722 1048 2085 1121; x_wconf 73' lang='lat' dir='ltr'>indicaret.</span> <span class='ocrx_word' id='word_1_42' title='bbox 2122 1050 2634 1144; x_wconf 83' lang='lat' dir='ltr'>Nonnunquam</span> <span class='ocrx_word' id='word_1_43' title='bbox 2673 1070 2869 1120; x_wconf 79' lang='lat' dir='ltr'>vero</span> <span class='ocrx_word' id='word_1_44' title='bbox 2949 1122 2950 1147; x_wconf 28' lang='lat'>2</span> 
     </span>
     <span class='ocr_line' id='line_1_7' title="bbox 594 1161 2868 1261; baseline 0.001 -28"><span class='ocrx_word' id='word_1_45' title='bbox 594 1161 666 1233; x_wconf 86' lang='lat' dir='ltr'>id</span> <span class='ocrx_word' id='word_1_46' title='bbox 696 1183 961 1259; x_wconf 85' lang='lat' dir='ltr'>quoque</span> <span class='ocrx_word' id='word_1_47' title='bbox 991 1162 1440 1257; x_wconf 81' lang='lat' dir='ltr'>quaerebant,</span> <span class='ocrx_word' id='word_1_48' title='bbox 1474 1164 1659 1235; x_wconf 91' lang='lat' dir='ltr'>unde</span> <span class='ocrx_word' id='word_1_49' title='bbox 1689 1163 1820 1235; x_wconf 88' lang='lat' dir='ltr'>sibi</span> <span class='ocrx_word' id='word_1_50' title='bbox 1864 1161 2054 1237; x_wconf 80' lang='lat' dir='ltr'>certa</span> <span class='ocrx_word' id='word_1_51' title='bbox 2091 1163 2431 1261; x_wconf 86' lang='lat' dir='ltr'>quaedam</span> <span class='ocrx_word' id='word_1_52' title='bbox 2452 1186 2616 1237; x_wconf 88' lang='lat' dir='ltr'>rara</span> <span class='ocrx_word' id='word_1_53' title='bbox 2643 1188 2868 1237; x_wconf 74' lang='lat' dir='ltr'>com-</span> 
     </span>
     <span class='ocr_line' id='line_1_8' title="bbox 596 1266 2950 1377; baseline 0.001 -26"><span class='ocrx_word' id='word_1_54' title='bbox 596 1301 838 1372; x_wconf 75' lang='lat' dir='ltr'>parare</span> <span class='ocrx_word' id='word_1_55' title='bbox 866 1288 1192 1374; x_wconf 85' lang='lat' dir='ltr'>possent:</span> <span class='ocrx_word' id='word_1_56' title='bbox 1230 1281 1795 1370; x_wconf 91' lang='lat' dir='ltr'>Lacedaemonii,</span> <span class='ocrx_word' id='word_1_57' title='bbox 1829 1304 2001 1354; x_wconf 91' lang='lat' dir='ltr'>auro</span> <span class='ocrx_word' id='word_1_58' title='bbox 2029 1281 2429 1374; x_wconf 82' lang='lat' dir='ltr'>indigentes</span> <span class='ocrx_word' id='word_1_59' title='bbox 2460 1306 2592 1377; x_wconf 92' lang='lat' dir='ltr'>quo</span> <span class='ocrx_word' id='word_1_60' title='bbox 2632 1281 2865 1377; x_wconf 70' lang='lat' dir='ltr'>Apol-&#39;</span> <span class='ocrx_word' id='word_1_61' title='bbox 2949 1266 2950 1329; x_wconf 65' lang='lat'>3</span> 
     </span>
     <span class='ocr_line' id='line_1_9' title="bbox 593 1394 2950 1495; baseline 0.002 -30"><span class='ocrx_word' id='word_1_62' title='bbox 593 1394 760 1467; x_wconf 89' lang='lat' dir='ltr'>linis</span> <span class='ocrx_word' id='word_1_63' title='bbox 786 1394 1035 1469; x_wconf 88' lang='lat' dir='ltr'>faciem</span> <span class='ocrx_word' id='word_1_64' title='bbox 1071 1396 1144 1467; x_wconf 89' lang='lat' dir='ltr'>in</span> <span class='ocrx_word' id='word_1_65' title='bbox 1173 1398 1543 1470; x_wconf 87' lang='lat' dir='ltr'>Thornace</span> <span class='ocrx_word' id='word_1_66' title='bbox 1570 1408 1806 1470; x_wconf 92' lang='lat' dir='ltr'>monte</span> <span class='ocrx_word' id='word_1_67' title='bbox 1844 1397 2287 1485; x_wconf 83' lang='lat' dir='ltr'>deaurarent,</span> <span class='ocrx_word' id='word_1_68' title='bbox 2334 1398 2621 1491; x_wconf 89' lang='lat' dir='ltr'>Delphis</span> <span class='ocrx_word' id='word_1_69' title='bbox 2666 1421 2848 1494; x_wconf 86' lang='lat' dir='ltr'>per-</span> <span class='ocrx_word' id='word_1_70' title='bbox 2949 1474 2950 1495; x_wconf 16' lang='lat' dir='ltr'>E</span> 
     </span>
     <span class='ocr_line' id='line_1_10' title="bbox 595 1496 2950 1609; baseline 0.001 -28"><span class='ocrx_word' id='word_1_71' title='bbox 595 1518 963 1584; x_wconf 85' lang='lat' dir='ltr'>coutantur</span> <span class='ocrx_word' id='word_1_72' title='bbox 991 1511 1136 1608; x_wconf 81' lang='grc' dir='ltr'><em>παρ’</em></span> <span class='ocrx_word' id='word_1_73' title='bbox 1167 1506 1230 1593; x_wconf 73' lang='grc' dir='ltr'>οὗ</span> <span class='ocrx_word' id='word_1_74' title='bbox 1266 1510 1507 1609; x_wconf 76' lang='grc' dir='ltr'><strong>χρύσιον</strong></span> <span class='ocrx_word' id='word_1_75' title='bbox 1535 1512 1864 1607; x_wconf 78' lang='grc' dir='ltr'><strong>πρίαιντο4.;</strong></span> <span class='ocrx_word' id='word_1_76' title='bbox 1903 1511 2138 1601; x_wconf 91' lang='lat' dir='ltr'>iidem,</span> <span class='ocrx_word' id='word_1_77' title='bbox 2174 1514 2490 1585; x_wconf 88' lang='lat' dir='ltr'>Orestem</span> <span class='ocrx_word' id='word_1_78' title='bbox 2521 1514 2855 1607; x_wconf 86' lang='lat' dir='ltr'>Spartam</span> <span class='ocrx_word' id='word_1_79' title='bbox 2949 1496 2950 1501; x_wconf 24' lang='lat'>¹</span> 
     </span>
     <span class='ocr_line' id='line_1_11' title="bbox 597 1624 2855 1727; baseline -0.002 -28"><span class='ocrx_word' id='word_1_80' title='bbox 597 1624 985 1723; x_wconf 82' lang='lat' dir='ltr'>reportare·</span> <span class='ocrx_word' id='word_1_81' title='bbox 1018 1630 1219 1718; x_wconf 92' lang='lat' dir='ltr'>iussi,</span> <span class='ocrx_word' id='word_1_82' title='bbox 1278 1630 1629 1703; x_wconf 86' lang='lat' dir='ltr'>oraculum</span> <span class='ocrx_word' id='word_1_83' title='bbox 1697 1638 1951 1725; x_wconf 88' lang='lat' dir='ltr'>rogant</span> <span class='ocrx_word' id='word_1_84' title='bbox 2017 1629 2111 1700; x_wconf 71' lang='grc' dir='ltr'>τόν</span> <span class='ocrx_word' id='word_1_85' title='bbox 2170 1634 2363 1727; x_wconf 76' lang='grc' dir='ltr'>χῶρον</span> <span class='ocrx_word' id='word_1_86' title='bbox 2419 1629 2480 1697; x_wconf 83' lang='grc' dir='ltr'>ἐν</span> <span class='ocrx_word' id='word_1_87' title='bbox 2541 1635 2625 1719; x_wconf 78' lang='grc' dir='ltr'>τῷ</span> <span class='ocrx_word' id='word_1_88' title='bbox 2668 1629 2855 1697; x_wconf 80' lang='grc' dir='ltr'><strong>κέοιτο</strong></span> 
     </span>
     <span class='ocr_line' id='line_1_12' title="bbox 602 1740 2852 1843; baseline 0.001 -30"><span class='ocrx_word' id='word_1_89' title='bbox 602 1740 897 1841; x_wconf 73' lang='grc' dir='ltr'>Ὀρέστηέ</span> <span class='ocrx_word' id='word_1_90' title='bbox 915 1744 970 1836; x_wconf 68' lang='lat'>²5</span> <span class='ocrx_word' id='word_1_91' title='bbox 1007 1747 1206 1819; x_wconf 85' lang='lat' dir='ltr'>haud.</span> <span class='ocrx_word' id='word_1_92' title='bbox 1221 1748 1423 1820; x_wconf 91' lang='lat' dir='ltr'>aliter</span> <span class='ocrx_word' id='word_1_93' title='bbox 1457 1746 1930 1836; x_wconf 90' lang='lat' dir='ltr'>Orchomenii,</span> <span class='ocrx_word' id='word_1_94' title='bbox 1966 1746 2215 1843; x_wconf 89' lang='lat' dir='ltr'>quibus</span> <span class='ocrx_word' id='word_1_95' title='bbox 2243 1746 2495 1841; x_wconf 87' lang='lat' dir='ltr'>Pythia</span> <span class='ocrx_word' id='word_1_96' title='bbox 2532 1746 2852 1818; x_wconf 84' lang='lat' dir='ltr'>edixerat</span> 
     </span>
     <span class='ocr_line' id='line_1_13' title="bbox 601 1858 2849 1957; baseline 0 -25"><span class='ocrx_word' id='word_1_97' title='bbox 601 1858 873 1934; x_wconf 91' lang='lat' dir='ltr'>nullum</span> <span class='ocrx_word' id='word_1_98' title='bbox 904 1861 1054 1934; x_wconf 87' lang='lat' dir='ltr'>fore</span> <span class='ocrx_word' id='word_1_99' title='bbox 1090 1862 1534 1957; x_wconf 86' lang='lat' dir='ltr'>pestilentiae</span> <span class='ocrx_word' id='word_1_100' title='bbox 1562 1863 1947 1935; x_wconf 88' lang='lat' dir='ltr'>remedium</span> <span class='ocrx_word' id='word_1_101' title='bbox 1981 1864 2114 1935; x_wconf 90' lang='lat' dir='ltr'>nisi</span> <span class='ocrx_word' id='word_1_102' title='bbox 2161 1886 2245 1933; x_wconf 85' lang='lat' dir='ltr'>ex</span> <span class='ocrx_word' id='word_1_103' title='bbox 2276 1864 2641 1956; x_wconf 85' lang='lat' dir='ltr'>Naupacto</span> <span class='ocrx_word' id='word_1_104' title='bbox 2684 1883 2849 1933; x_wconf 87' lang='lat' dir='ltr'>ossa</span> 
     </span>
     <span class='ocr_line' id='line_1_14' title="bbox 599 1976 2845 2071; baseline -0 -24"><span class='ocrx_word' id='word_1_105' title='bbox 599 1976 890 2049; x_wconf 90' lang='lat' dir='ltr'>Hesiodi</span> <span class='ocrx_word' id='word_1_106' title='bbox 945 1978 1015 2047; x_wconf 91' lang='lat' dir='ltr'>in</span> <span class='ocrx_word' id='word_1_107' title='bbox 1065 1978 1358 2071; x_wconf 81' lang='lat' dir='ltr'>patriam</span> <span class='ocrx_word' id='word_1_108' title='bbox 1407 1998 1599 2049; x_wconf 89' lang='lat' dir='ltr'>suam</span> <span class='ocrx_word' id='word_1_109' title='bbox 1648 1977 2192 2066; x_wconf 88' lang='lat' dir='ltr'>transtulissent,</span> <span class='ocrx_word' id='word_1_110' title='bbox 2234 1978 2550 2069; x_wconf 85' lang='lat' dir='ltr'>protinus</span> <span class='ocrx_word' id='word_1_111' title='bbox 2603 1976 2845 2071; x_wconf 90' lang='lat' dir='ltr'>inqui-</span> 
     </span>
     <span class='ocr_line' id='line_1_15' title="bbox 601 2091 2846 2189; baseline -0.003 -24"><span class='ocrx_word' id='word_1_112' title='bbox 601 2095 768 2166; x_wconf 61' lang='lat' dir='ltr'>runt</span> <span class='ocrx_word' id='word_1_113' title='bbox 815 2091 948 2163; x_wconf 74' lang='grc' dir='ltr'><em>ὅπου</em></span> <span class='ocrx_word' id='word_1_114' title='bbox 987 2098 1089 2171; x_wconf 76' lang='grc' dir='ltr'>τῆς</span> <span class='ocrx_word' id='word_1_115' title='bbox 1124 2092 1517 2172; x_wconf 65' lang='grc' dir='ltr'><strong>Ναυπξκκτῖας</strong></span> <span class='ocrx_word' id='word_1_116' title='bbox 1557 2092 1711 2163; x_wconf 70' lang='grc' dir='ltr'><strong><em>αὐτοὶ</em></strong></span> <span class='ocrx_word' id='word_1_117' title='bbox 1740 2092 2182 2189; x_wconf 56' lang='grc' dir='ltr'>ἐξευρήσουσβ.</span> <span class='ocrx_word' id='word_1_118' title='bbox 2235 2094 2381 2165; x_wconf 87' lang='lat' dir='ltr'>Illis</span> <span class='ocrx_word' id='word_1_119' title='bbox 2429 2094 2846 2165; x_wconf 82' lang='lat' dir='ltr'>subiciamus</span> 
     </span>
     <span class='ocr_line' id='line_1_16' title="bbox 601 2209 2840 2307; baseline -0.002 -24"><span class='ocrx_word' id='word_1_120' title='bbox 601 2232 774 2307; x_wconf 85' lang='lat' dir='ltr'>quae</span> <span class='ocrx_word' id='word_1_121' title='bbox 823 2209 909 2282; x_wconf 88' lang='lat' dir='ltr'>de</span> <span class='ocrx_word' id='word_1_122' title='bbox 958 2210 1154 2301; x_wconf 85' lang='lat' dir='ltr'>Laio,</span> <span class='ocrx_word' id='word_1_123' title='bbox 1207 2212 1294 2281; x_wconf 88' lang='lat' dir='ltr'>de</span> <span class='ocrx_word' id='word_1_124' title='bbox 1330 2211 1620 2299; x_wconf 90' lang='lat' dir='ltr'>Creusa,</span> <span class='ocrx_word' id='word_1_125' title='bbox 1670 2211 1759 2281; x_wconf 82' lang='lat' dir='ltr'>d&#39;e</span> <span class='ocrx_word' id='word_1_126' title='bbox 1795 2210 2093 2301; x_wconf 82' lang='lat' dir='ltr'>Helena,</span> <span class='ocrx_word' id='word_1_127' title='bbox 2128 2209 2590 2299; x_wconf 84' lang='lat' dir='ltr'>de·Menelao:,</span> <span class='ocrx_word' id='word_1_128' title='bbox 2628 2209 2840 2281; x_wconf 88' lang='lat' dir='ltr'>Euri-</span> 
     </span>
     <span class='ocr_line' id='line_1_17' title="bbox 599 2326 2841 2422; baseline -0.001 -24"><span class='ocrx_word' id='word_1_129' title='bbox 599 2327 794 2422; x_wconf 89' lang='lat' dir='ltr'>pides</span> <span class='ocrx_word' id='word_1_130' title='bbox 850 2337 1114 2418; x_wconf 87' lang='lat' dir='ltr'>narrat,</span> <span class='ocrx_word' id='word_1_131' title='bbox 1159 2326 1437 2399; x_wconf 90' lang='lat' dir='ltr'>oracula</span> <span class='ocrx_word' id='word_1_132' title='bbox 1482 2326 1614 2399; x_wconf 73' lang='lat' dir='ltr'>vel‘</span> <span class='ocrx_word' id='word_1_133' title='bbox 1645 2329 1837 2400; x_wconf 84' lang='lat' dir='ltr'>vates</span> <span class='ocrx_word' id='word_1_134' title='bbox 1889 2327 2479 2419; x_wconf 85' lang='lat' dir='ltr'>interrogantibus</span> <span class='ocrx_word' id='word_1_135' title='bbox 2514 2350 2679 2399; x_wconf 92' lang='lat' dir='ltr'>num</span> <span class='ocrx_word' id='word_1_136' title='bbox 2710 2326 2841 2399; x_wconf 87' lang='lat' dir='ltr'>ad-</span> 
     </span>
     <span class='ocr_line' id='line_1_18' title="bbox 599 2441 2838 2538; baseline -0.002 -23"><span class='ocrx_word' id='word_1_137' title='bbox 599 2444 734 2517; x_wconf 93' lang='lat' dir='ltr'>huc</span> <span class='ocrx_word' id='word_1_138' title='bbox 777 2445 1078 2517; x_wconf 65' lang='lat' dir='ltr'>‘viveret</span> <span class='ocrx_word' id='word_1_139' title='bbox 1127 2444 1456 2538; x_wconf 84' lang='lat' dir='ltr'>Oedipus,</span> <span class='ocrx_word' id='word_1_140' title='bbox 1517 2445 1666 2530; x_wconf 87' lang='lat' dir='ltr'>Ion,</span> <span class='ocrx_word' id='word_1_141' title='bbox 1734 2441 2125 2533; x_wconf 79' lang='lat' dir='ltr'>MenelauS,</span> <span class='ocrx_word' id='word_1_142' title='bbox 2160 2444 2600 2535; x_wconf 87' lang='lat' dir='ltr'>Agamemno</span> <span class='ocrx_word' id='word_1_143' title='bbox 2619 2442 2671 2527; x_wconf 82' lang='lat'>⁴3</span> <span class='ocrx_word' id='word_1_144' title='bbox 2712 2444 2838 2513; x_wconf 94' lang='lat' dir='ltr'>hoc</span> 
     </span>
     <span class='ocr_line' id='line_1_19' title="bbox 601 2557 2835 2654; baseline -0.003 -21"><span class='ocrx_word' id='word_1_145' title='bbox 601 2570 828 2633; x_wconf 90' lang='lat' dir='ltr'>tamen</span> <span class='ocrx_word' id='word_1_146' title='bbox 847 2570 1193 2649; x_wconf 82' lang='lat' dir='ltr'>notanteS,</span> <span class='ocrx_word' id='word_1_147' title='bbox 1223 2562 1296 2632; x_wconf 90' lang='lat' dir='ltr'>in</span> <span class='ocrx_word' id='word_1_148' title='bbox 1326 2559 1696 2632; x_wconf 90' lang='lat' dir='ltr'>comoediis</span> <span class='ocrx_word' id='word_1_149' title='bbox 1717 2582 1887 2654; x_wconf 91' lang='lat' dir='ltr'>quas</span> <span class='ocrx_word' id='word_1_150' title='bbox 1906 2560 2206 2631; x_wconf 88' lang='lat' dir='ltr'>Romani</span> <span class='ocrx_word' id='word_1_151' title='bbox 2232 2581 2273 2631; x_wconf 92' lang='lat' dir='ltr'>a</span> <span class='ocrx_word' id='word_1_152' title='bbox 2293 2560 2567 2653; x_wconf 89' lang='lat' dir='ltr'>graecis</span> <span class='ocrx_word' id='word_1_153' title='bbox 2593 2557 2835 2643; x_wconf 83' lang='lat' dir='ltr'>fabulis</span> 
     </span>
     <span class='ocr_line' id='line_1_20' title="bbox 600 2674 2833 2771; baseline -0.003 -22"><span class='ocrx_word' id='word_1_154' title='bbox 600 2685 1092 2771; x_wconf 86' lang='lat' dir='ltr'>expresserunt</span> <span class='ocrx_word' id='word_1_155' title='bbox 1144 2676 1417 2748; x_wconf 90' lang='lat' dir='ltr'>nullum</span> <span class='ocrx_word' id='word_1_156' title='bbox 1458 2678 1644 2747; x_wconf 87' lang='lat' dir='ltr'>inter</span> <span class='ocrx_word' id='word_1_157' title='bbox 1691 2674 1945 2747; x_wconf 92' lang='lat' dir='ltr'>multos</span> <span class='ocrx_word' id='word_1_158' title='bbox 1994 2698 2117 2748; x_wconf 89' lang='lat' dir='ltr'>seu</span> <span class='ocrx_word' id='word_1_159' title='bbox 2158 2676 2414 2747; x_wconf 86' lang='lat' dir='ltr'>liberos</span> <span class='ocrx_word' id='word_1_160' title='bbox 2447 2674 2833 2769; x_wconf 87' lang='lat' dir='ltr'>parentibus</span> 
     </span>
    </p>
   </div>
   <div class='ocr_carea' id='block_1_3' title="bbox 601 2782 2829 3071">
    <p class='ocr_par' dir='ltr' id='par_1_3' title="bbox 601 2782 2829 3071">
     <span class='ocr_line' id='line_1_21' title="bbox 602 2782 2829 2889; baseline -0.003 -23"><span class='ocrx_word' id='word_1_161' title='bbox 602 2801 836 2889; x_wconf 88' lang='lat' dir='ltr'>raptos</span> <span class='ocrx_word' id='word_1_162' title='bbox 873 2816 995 2866; x_wconf 91' lang='lat' dir='ltr'>seu</span> <span class='ocrx_word' id='word_1_163' title='bbox 1032 2802 1352 2888; x_wconf 88' lang='lat' dir='ltr'>parentes</span> <span class='ocrx_word' id='word_1_164' title='bbox 1379 2793 1617 2887; x_wconf 90' lang='lat' dir='ltr'>pueris</span> <span class='ocrx_word' id='word_1_165' title='bbox 1646 2782 1924 2864; x_wconf 74' lang='lat' dir='ltr'>orbatos</span> <span class='ocrx_word' id='word_1_166' title='bbox 1954 2792 2081 2863; x_wconf 89' lang='lat' dir='ltr'>tali</span> <span class='ocrx_word' id='word_1_167' title='bbox 2110 2791 2313 2863; x_wconf 88' lang='lat' dir='ltr'>modo</span> <span class='ocrx_word' id='word_1_168' title='bbox 2339 2791 2829 2863; x_wconf 85' lang='lat' dir='ltr'>divinationem</span> 
     </span>
     <span class='ocr_line' id='line_1_22' title="bbox 601 2908 984 3016; baseline 0.003 -35"><span class='ocrx_word' id='word_1_169' title='bbox 601 2908 984 3016; x_wconf 70' lang='lat' dir='ltr'>adhibere.v</span> 
     </span>
     <span class='ocr_line' id='line_1_23' title="bbox 623 3028 906 3071; baseline 0.004 -1"><span class='ocrx_word' id='word_1_170' title='bbox 623 3031 649 3054; x_wconf 48' lang='grc' dir='ltr'>ι’</span> <span class='ocrx_word' id='word_1_171' title='bbox 677 3028 698 3070; x_wconf 61' lang='lat'>².</span> <span class='ocrx_word' id='word_1_172' title='bbox 771 3029 778 3057; x_wconf 66' lang='grc' dir='ltr'><em>τ</em></span> <span class='ocrx_word' id='word_1_173' title='bbox 877 3030 906 3071; x_wconf 64' lang='lat' dir='ltr'>ff</span> 
     </span>
    </p>
   </div>
   <div class='ocr_carea' id='block_1_4' title="bbox 605 3122 2834 3637">
    <p class='ocr_par' dir='ltr' id='par_1_4' title="bbox 605 3122 2834 3585">
     <span class='ocr_line' id='line_1_24' title="bbox 615 3122 2832 3235; baseline -0.005 -20"><span class='ocrx_word' id='word_1_174' title='bbox 615 3122 630 3188; x_wconf 56' lang='lat'>2</span> <span class='ocrx_word' id='word_1_175' title='bbox 684 3122 1076 3215; x_wconf 66' lang='lat' dir='ltr'>&#39;Hactenusn</span> <span class='ocrx_word' id='word_1_176' title='bbox 1103 3124 1207 3215; x_wconf 82' lang='lat' dir='ltr'>-de</span> <span class='ocrx_word' id='word_1_177' title='bbox 1262 3142 1683 3215; x_wconf 89' lang='lat' dir='ltr'>divinatione</span> <span class='ocrx_word' id='word_1_178' title='bbox 1755 3140 1845 3213; x_wconf 93' lang='lat' dir='ltr'>ad</span> <span class='ocrx_word' id='word_1_179' title='bbox 1902 3140 2388 3235; x_wconf 89' lang='lat' dir='ltr'>praesentium</span> <span class='ocrx_word' id='word_1_180' title='bbox 2480 3137 2832 3211; x_wconf 78' lang='lat' dir='ltr'>‘scientiam</span> 
     </span>
     <span class='ocr_line' id='line_1_25' title="bbox 606 3244 2833 3353; baseline -0.005 -22"><span class='ocrx_word' id='word_1_181' title='bbox 606 3266 988 3352; x_wconf 88' lang='lat' dir='ltr'>spectante.</span> <span class='ocrx_word' id='word_1_182' title='bbox 1063 3258 1561 3352; x_wconf 81' lang='lat' dir='ltr'>Exemplorum</span> <span class='ocrx_word' id='word_1_183' title='bbox 1626 3279 1793 3329; x_wconf 87' lang='lat' dir='ltr'>vero</span> <span class='ocrx_word' id='word_1_184' title='bbox 1867 3256 2115 3353; x_wconf 90' lang='lat' dir='ltr'>quibus</span> <span class='ocrx_word' id='word_1_185' title='bbox 2192 3255 2701 3327; x_wconf 87' lang='lat' dir='ltr'>demonstratur</span> <span class='ocrx_word' id='word_1_186' title='bbox 2757 3244 2833 3320; x_wconf 85' lang='lat' dir='ltr'>de</span> 
     </span>
     <span class='ocr_line' id='line_1_26' title="bbox 605 3370 2834 3471; baseline -0.004 -23"><span class='ocrx_word' id='word_1_187' title='bbox 605 3376 997 3471; x_wconf 86' lang='lat' dir='ltr'>praeteritis</span> <span class='ocrx_word' id='word_1_188' title='bbox 1062 3377 1270 3448; x_wconf 89' lang='lat' dir='ltr'>etiam</span> <span class='ocrx_word' id='word_1_189' title='bbox 1341 3375 1646 3447; x_wconf 84' lang='lat' dir='ltr'>Graecos</span> <span class='ocrx_word' id='word_1_190' title='bbox 1729 3373 2185 3464; x_wconf 89' lang='lat' dir='ltr'>consuluisse,</span> <span class='ocrx_word' id='word_1_191' title='bbox 2265 3394 2520 3465; x_wconf 88' lang='lat' dir='ltr'>agmen</span> <span class='ocrx_word' id='word_1_192' title='bbox 2595 3370 2834 3442; x_wconf 88' lang='lat' dir='ltr'>ducant</span> 
     </span>
     <span class='ocr_line' id='line_1_27' title="bbox 609 3472 2834 3637; baseline -0.004 -74"><span class='ocrx_word' id='word_1_193' title='bbox 609 3472 1022 3617; x_wconf 73' lang='lat' dir='ltr'>Dodonaeae</span> <span class='ocrx_word' id='word_1_194' title='bbox 1041 3490 1345 3637; x_wconf 65' lang='lat' dir='ltr'>tabellae</span> <span class='ocrx_word' id='word_1_195' title='bbox 1360 3491 1595 3615; x_wconf 81' lang='lat' dir='ltr'>duae3</span> <span class='ocrx_word' id='word_1_196' title='bbox 1630 3507 1918 3585; x_wconf 87' lang='lat' dir='ltr'>quarum</span> <span class='ocrx_word' id='word_1_197' title='bbox 1947 3488 2029 3559; x_wconf 92' lang='lat' dir='ltr'>in·</span> <span class='ocrx_word' id='word_1_198' title='bbox 2072 3511 2208 3559; x_wconf 90' lang='lat' dir='ltr'>una</span> <span class='ocrx_word' id='word_1_199' title='bbox 2236 3486 2626 3584; x_wconf 78' lang='lat' dir='ltr'>:Lysanias&#39;</span> <span class='ocrx_word' id='word_1_200' title='bbox 2646 3492 2834 3576; x_wconf 88' lang='lat' dir='ltr'>rogat</span> 
     </span>
    </p>
   </div>
   <div class='ocr_carea' id='block_1_5' title="bbox 607 3642 2830 4401">
    <p class='ocr_par' dir='ltr' id='par_1_5' title="bbox 607 3642 2830 4401">
     <span class='ocr_line' id='line_1_28' title="bbox 619 3642 1396 3772; baseline -0.004 -13.74"><span class='ocrx_word' id='word_1_201' title='bbox 619 3642 1024 3772; x_wconf 51' lang='lat' dir='ltr'>³?Pausan„</span> <span class='ocrx_word' id='word_1_202' title='bbox 1037 3698 1163 3757; x_wconf 89' lang='lat' dir='ltr'>IV.</span> <span class='ocrx_word' id='word_1_203' title='bbox 1200 3696 1300 3757; x_wconf 92' lang='grc'>16.</span> <span class='ocrx_word' id='word_1_204' title='bbox 1334 3696 1396 3755; x_wconf 91' lang='grc'>4.</span> 
     </span>
     <span class='ocr_line' id='line_1_29' title="bbox 620 3774 1595 3864; baseline -0.003 -18"><span class='ocrx_word' id='word_1_205' title='bbox 620 3774 634 3789; x_wconf 60' lang='grc'><strong>“</strong></span> <span class='ocrx_word' id='word_1_206' title='bbox 679 3786 713 3853; x_wconf 99' lang='grc'><strong>4</strong></span> <span class='ocrx_word' id='word_1_207' title='bbox 742 3776 986 3864; x_wconf 72' lang='lat' dir='ltr'>Gollitz,</span> <span class='ocrx_word' id='word_1_208' title='bbox 1009 3786 1188 3861; x_wconf 83' lang='grc'><strong>1586.</strong></span> <span class='ocrx_word' id='word_1_209' title='bbox 1508 3828 1518 3833; x_wconf 89' lang='grc'><strong>-</strong></span> <span class='ocrx_word' id='word_1_210' title='bbox 1592 3830 1595 3833; x_wconf 75' lang='lat'>.</span> 
     </span>
     <span class='ocr_line' id='line_1_30' title="bbox 610 3829 2830 3952; baseline -0.005 -16"><span class='ocrx_word' id='word_1_211' title='bbox 610 3872 617 3876; x_wconf 73' lang='grc'><strong>’</strong></span> <span class='ocrx_word' id='word_1_212' title='bbox 690 3844 710 3910; x_wconf 94' lang='grc'><strong>4</strong></span> <span class='ocrx_word' id='word_1_213' title='bbox 726 3866 1060 3947; x_wconf 48' lang='lat' dir='ltr'>Historias</span> <span class='ocrx_word' id='word_1_214' title='bbox 1089 3894 1268 3952; x_wconf 90' lang='lat' dir='ltr'>quam</span> <span class='ocrx_word' id='word_1_215' title='bbox 1321 3870 1743 3951; x_wconf 70' lang='lat' dir='ltr'>Theopompus</span> <span class='ocrx_word' id='word_1_216' title='bbox 1796 3829 2013 3932; x_wconf 71' lang='lat' dir='ltr'>narrat</span> <span class='ocrx_word' id='word_1_217' title='bbox 2044 3870 2238 3951; x_wconf 80' lang='lat' dir='ltr'>(fr.2</span> <span class='ocrx_word' id='word_1_218' title='bbox 2200 3855 2318 3931; x_wconf 80' lang='lat'>219</span> <span class='ocrx_word' id='word_1_219' title='bbox 2362 3869 2561 3946; x_wconf 84' lang='lat' dir='ltr'>Did.),</span> <span class='ocrx_word' id='word_1_220' title='bbox 2594 3869 2830 3930; x_wconf 83' lang='lat' dir='ltr'>forsitan</span> 
     </span>
     <span class='ocr_line' id='line_1_31' title="bbox 607 3962 1692 4050; baseline -0.001 -26"><span class='ocrx_word' id='word_1_221' title='bbox 607 3965 954 4026; x_wconf 89' lang='lat' dir='ltr'>Herodoto</span> <span class='ocrx_word' id='word_1_222' title='bbox 937 3983 1058 4050; x_wconf 79' lang='lat' dir='ltr'>lam</span> <span class='ocrx_word' id='word_1_223' title='bbox 1088 3966 1421 4024; x_wconf 88' lang='lat' dir='ltr'>innotuerit</span> <span class='ocrx_word' id='word_1_224' title='bbox 1449 3962 1524 4043; x_wconf 90' lang='grc' dir='ltr'>(Ι.</span> <span class='ocrx_word' id='word_1_225' title='bbox 1558 3962 1692 4041; x_wconf 86' lang='grc'><strong>69).</strong></span> 
     </span>
     <span class='ocr_line' id='line_1_32' title="bbox 689 4054 1232 4125; baseline 0 -13"><span class='ocrx_word' id='word_1_226' title='bbox 689 4054 713 4089; x_wconf 84' lang='lat'><strong>²</strong></span> <span class='ocrx_word' id='word_1_227' title='bbox 755 4055 1012 4125; x_wconf 88' lang='lat' dir='ltr'>Herod,</span> <span class='ocrx_word' id='word_1_228' title='bbox 1044 4055 1099 4114; x_wconf 93' lang='grc' dir='ltr'><strong>Ι</strong></span> <span class='ocrx_word' id='word_1_229' title='bbox 1129 4054 1232 4117; x_wconf 79' lang='lat'>67.</span> 
     </span>
     <span class='ocr_line' id='line_1_33' title="bbox 691 4142 2759 4217; baseline -0.002 -14"><span class='ocrx_word' id='word_1_230' title='bbox 691 4143 1035 4217; x_wconf 83' lang='lat' dir='ltr'>³Pausan.,</span> <span class='ocrx_word' id='word_1_231' title='bbox 1059 4144 1176 4203; x_wconf 82' lang='lat' dir='ltr'>IX.</span> <span class='ocrx_word' id='word_1_232' title='bbox 1184 4142 1286 4203; x_wconf 88' lang='lat'>38.</span> <span class='ocrx_word' id='word_1_233' title='bbox 1316 4144 1377 4204; x_wconf 86' lang='lat'>3.</span> <span class='ocrx_word' id='word_1_234' title='bbox 1550 4146 1558 4155; x_wconf 86' lang='grc'><em>“</em></span> <span class='ocrx_word' id='word_1_235' title='bbox 1652 4162 1656 4166; x_wconf 83' lang='grc'><strong>’</strong></span> <span class='ocrx_word' id='word_1_236' title='bbox 2187 4144 2191 4147; x_wconf 78' lang='grc'><strong>’</strong></span> <span class='ocrx_word' id='word_1_237' title='bbox 2754 4148 2759 4152; x_wconf 83' lang='grc'><strong>’</strong></span> 
     </span>
     <span class='ocr_line' id='line_1_34' title="bbox 620 4222 2828 4343; baseline -0.003 -50.818"><span class='ocrx_word' id='word_1_238' title='bbox 620 4222 1108 4306; x_wconf 55' lang='lat' dir='ltr'>*Phaeneas</span> <span class='ocrx_word' id='word_1_239' title='bbox 1156 4252 1219 4291; x_wconf 79' lang='lat' dir='ltr'>v.</span> <span class='ocrx_word' id='word_1_240' title='bbox 1257 4229 1350 4293; x_wconf 85' lang='lat'>36</span> <span class='ocrx_word' id='word_1_241' title='bbox 1353 4232 1500 4309; x_wconf 79' lang='lat'><strong>-373</strong></span> <span class='ocrx_word' id='word_1_242' title='bbox 1537 4234 1719 4308; x_wconf 73' lang='lat' dir='ltr'>Ion,</span> <span class='ocrx_word' id='word_1_243' title='bbox 1751 4250 1811 4291; x_wconf 85' lang='lat' dir='ltr'>v.</span> <span class='ocrx_word' id='word_1_244' title='bbox 1843 4229 1997 4306; x_wconf 85' lang='lat'><strong>346;</strong></span> <span class='ocrx_word' id='word_1_245' title='bbox 2040 4232 2220 4301; x_wconf 70' lang='lat' dir='ltr'>Hel„</span> <span class='ocrx_word' id='word_1_246' title='bbox 2254 4248 2317 4293; x_wconf 89' lang='lat' dir='ltr'>v.</span> <span class='ocrx_word' id='word_1_247' title='bbox 2360 4230 2481 4289; x_wconf 86' lang='lat'>317</span> <span class='ocrx_word' id='word_1_248' title='bbox 2526 4249 2615 4343; x_wconf 88' lang='lat' dir='ltr'>sq.</span> <span class='ocrx_word' id='word_1_249' title='bbox 2644 4250 2699 4305; x_wconf 99' lang='lat'>5</span> <span class='ocrx_word' id='word_1_250' title='bbox 2684 4228 2828 4296; x_wconf 69' lang='lat' dir='ltr'>Or„</span> 
     </span>
     <span class='ocr_line' id='line_1_35' title="bbox 613 4323 2489 4401; baseline -0.004 -16"><span class='ocrx_word' id='word_1_251' title='bbox 613 4343 674 4385; x_wconf 84' lang='lat' dir='ltr'>v.</span> <span class='ocrx_word' id='word_1_252' title='bbox 709 4323 831 4385; x_wconf 87' lang='lat'>360</span> <span class='ocrx_word' id='word_1_253' title='bbox 869 4342 959 4401; x_wconf 88' lang='lat' dir='ltr'>sq.</span> <span class='ocrx_word' id='word_1_254' title='bbox 1511 4356 1521 4369; x_wconf 86' lang='lat'>··</span> <span class='ocrx_word' id='word_1_255' title='bbox 1672 4362 1681 4372; x_wconf 79' lang='lat'><em>-</em></span> <span class='ocrx_word' id='word_1_256' title='bbox 1800 4368 1803 4375; x_wconf 93' lang='grc'><strong>.</strong></span> <span class='ocrx_word' id='word_1_257' title='bbox 2166 4366 2171 4373; x_wconf 85' lang='grc'><strong>.</strong></span> <span class='ocrx_word' id='word_1_258' title='bbox 2230 4364 2236 4372; x_wconf 61' lang='grc'><strong>.</strong></span> <span class='ocrx_word' id='word_1_259' title='bbox 2484 4360 2489 4366; x_wconf 87' lang='lat'><em>-</em></span> 
     </span>
    </p>
   </div>
   <div class='ocr_carea' id='block_1_6' title="bbox 2931 0 2968 3887">
    <p class='ocr_par' dir='ltr' id='par_1_6' title="bbox 2931 0 2968 3887">
     <span class='ocr_line' id='line_1_36' title="bbox 2931 0 2968 3887; baseline 0 0"><span class='ocrx_word' id='word_1_260' title='bbox 2931 0 2968 3887; x_wconf 95' lang='lat' dir='ltr'> </span> 
     </span>
    </p>
   </div>
  </div>
 </body>
</html>
