2975 5217
1528 476 1621 493 --
1659 440 1749 507 28
1793 478 1895 499 -2-.

583 580 1132 679 ᾇ’κλῆρος·ταύτῃ
1195 582 1493 675 συμπίπτῃ
1560 582 1680 651 καὶ
1739 580 2075 658 ἡαΠυθὶα
2138 578 2622 679 πρὸσαναιρῇ;
2688 579 2867 663 deis

588 700 916 773 nimirum
948 701 1351 794 permittens
1381 711 1479 788 ut,
1516 723 1685 797 quos
1708 723 1955 773 revera
1983 719 2541 792 germanosesse
2560 699 2871 771 discet-

587 825 784 905 nant,
821 816 909 887 ab
935 816 1199 888 incestu
1241 816 1613 911 prudentes
1652 824 1956 889 arceant.
1995 816 2215 888 Etc...

685 934 873 1007 Inter
909 932 1136 1004 litium
1166 955 1332 1005 vero
1359 932 1827 1005 instrumenta
1859 932 2355 1013 divinationem
2382 932 2566 1027 apud
2594 931 2860 1005 Grae-

588 1044 704 1126 cos
760 1036 1109 1146 receptam
1169 1049 1410 1139 fuisse,
1481 1050 2055 1145 quemadmodum
2091 1050 2282 1145 apud·
2319 1050 2491 1123 alios
2539 1049 2863 1146 populos

586 1168 1016 1264 frequentem
1105 1189 1260 1238 cum
1364 1164 1650 1237 Graecis
1745 1166 2312 1238 consuetudinem
2394 1176 2868 1256 exercentes„

587 1326 686 1343 --
713 1283 1010 1379 Scythas
1055 1294 1120 1355 et
1158 1282 1734 1377 Aegyptios1-‚
1777 1305 1914 1355 non
1957 1281 2161 1355 facile
2202 1304 2335 1377 ego
2382 1281 2854 1355 crediderim.

591 1400 906 1476 Sentium
941 1392 1460 1493 indagationem
1491 1397 1645 1477 ,deis
1693 1397 2032 1471 divinisve
2062 1421 2355 1494 perraro
2394 1398 2861 1485 commissam

590 1521 932 1609 videmUS,
966 1527 1032 1589 et
1059 1538 1250 1607 sane,
1285 1514 1466 1613 quod
1496 1515 1731 1599 sciam,
1753 1516 1825 1586 in
1853 1515 2181 1612 mythicis
2209 1525 2472 1588 tantum
2500 1515 2862 1610 tempori·-

593 1635 804 1709 bus2·
789 1689 804 1706 .
861 1634 1050 1707 velut
1092 1634 1278 1728 apud
1325 1632 1740 1738 Sophoclem
1789 1633 2131 1704 Tiresiam
2189 1631 2491 1726 Oedipus
2548 1631 2860 1705 arcessit

592 1753 708 1851 qui
751 1751 900 1824 Laii
947 1749 1324 1822 occisorem
1371 1747 1686 1845 prodat³,
1741 1756 1857 1822 aut
1900 1737 2081 1845 apud
2128 1735 2532 1821 Proxenum
2593 1748 2858 1822 Dodo-
2956 1834 2958 1837 Α

595 1894 808 1943 naeus
862 1866 1140 1964 quidam
1217 1850 1448 1937 -Io'vem
1513 1874 1959 1960 percontatur
2035 1854 2189 1963 qu'is
2245 1887 2503 1959 agnam
2544 1866 2674 1937 sibi
2720 1866 2855 1936 fu·-

597 1997 790 2088 ratus
843 1984 1005 2056 sit⁴.
1077 1984 1322 2078 Neque
1361 1992 1439 2055 ut
1504 2005 1663 2055 reos
1722 1983 2218 2055 convincerent
2261 1982 2376 2053 vel
2421 1982 2859 2055 testimonio-

601 2094 754 2175 ru'm
814 2081 1018 2171 fidem
1084 2098 1528 2191 explorarent
1575 2090 2076 2172 divinationem
2128 2097 2339 2190 vulgo
2386 2098 2850 2192 usurpabant.

602 2218 1021 2313 Hippolytus
1090 2214 1372 2310 quidem
1443 2204 1627 2311 apud
1682 2214 2088 2311 Euripidem
2142 2213 2399 2311 (Hipp.
2386 2269 2433 2304 .,
2490 2215 2859 2288 v.1055-

605 2334 824 2425 1056)
869 2333 1220 2406 Theseum
1274 2330 1602 2425 obiurgat
1658 2330 1843 2426 quod
1897 2328 2018 2398 οὐδ’
2070 2328 2231 2427 ὅρκον
2286 2322 2417 2399 οὐδε
2460 2330 2653 2401 πῖστιν
2690 2329 2857 2399 οὐδε

603 2452 921 2543 μάντεων
969 2454 1214 2545 ’φῑὲμας
1266 2446 1573 2544 ,ἐλέγξας
1640 2445 1897 2544 ἄκριτον
1943 2448 2163 2519 filium
2228 2447 2469 2519 exsilio
2534 2447 2856 2533 mulctet,
2968 2434 2970 2437 Α

608 2570 811 2664 quam
841 2565 1394 2660 obiurgationem
1427 2564 1661 2635 verbis
1692 2564 1839 2635 fere
1876 2564 2136 2655 eisdem
2171 2561 2396 2636 Diana
2423 2562 2607 2636 infra
2641 2565 2854 2637 iterat

521 2663 526 2669 ¹
607 2684 707 2783 (v.
753 2680 1014 2780 1321);
1061 2682 1185 2754 sed
1243 2682 1412 2751 mihi
1480 2694 1725 2775 parum
1778 2679 2085 2753 lucidum
2116 2689 2246 2770 est,
2283 2704 2485 2777 quem
2517 2682 2607 2761 ad
2635 2681 2849 2753 finem
2972 2664 2974 2675 ²

692 2980 711 3015 ²
742 2980 917 3057 Apud
965 2979 1230 3057 Scythas
1281 2997 1418 3038 eum
1472 2997 1587 3039 rex
1631 2986 2000 3057 aegrotaret,
2033 2979 2251 3056 divini,
2323 2986 2477 3040 teste
2542 2980 2858 3041 Herodoto

613 3070 748 3151 (IV.
796 3067 924 3145 98),
984 3067 1259 3145 profiteri
1311 3066 1588 3128 solebant
1639 3070 1797 3147 quis,
1853 3087 1965 3146 per
2032 3070 2232 3129 focum
2286 3069 2524 3145 regium
2581 3069 2864 3145 periuria-

610 3158 890 3225 iurand0,
941 3158 1239 3218 morbum‘
1282 3156 1374 3215 illi
1429 3157 1759 3220 attulisset.
1810 3158 1987 3236 Apud
2041 3159 2379 3237 Aegyptios
2428 3177 2504 3218 ex
2542 3158 2855 3218 Herodoto

614 3246 724 3327 (ΙΙ.
749 3245 892 3323 174)
919 3252 1292 3321 compertum
1315 3246 1603 3307 habemus
1631 3265 1771 3308 reos
1792 3246 1945 3319 furti
1966 3253 2275 3308 accusatos
2305 3247 2380 3306 ad
2402 3246 2645 3307 oracula
2666 3264 2861 3307 voca-

612 3343 706 3395 tos
755 3334 952 3393 fuisse.
995 3334 1215 3409 quibus
1261 3334 1364 3395 vel
1428 3336 1935 3397 convincerentur
1962 3334 2599 3396 vel'dimitterentur‘z
2634 3337 2708 3395 de
2734 3353 2857 3414 qua

613 3422 1045 3482 consuetudine
1097 3422 1304 3481 videas
1360 3441 1771 3500 papyraceum
1823 3425 2069 3484 titulum
2133 3425 2196 3483 in
2249 3424 2607 3484 Britannico
2644 3426 2857 3485 Museo

615 3516 942 3583 servatum,
1001 3529 1178 3588 quem
1233 3511 1422 3571 edidit
1469 3518 1531 3572 et
1582 3513 1891 3573 transtulit
1930 3514 2203 3591 Pleytius
2248 3513 2597 3590 (Proeeed.
2640 3519 2725 3590 os·
2754 3514 2861 3573 the

617 3600 878 3677 Society
905 3606 986 3675 os
1007 3599 1291 3659 Biblieal
1327 3601 1767 3677 Archeoloyy,
1772 3602 1854 3674 X,
1889 3618 1945 3677 p.
1978 3602 2049 3660 41
2076 3603 2198 3678 sq.)

640 3704 646 3713 ·
697 3686 722 3723 ²
750 3688 929 3748 Alius
967 3688 1209 3763 generis
1278 3696 1372 3749 est
1429 3689 1768 3751 Alexandri
1820 3691 1978 3768 apud
2030 3692 2383 3751 Ammonem
2428 3689 2856 3767 percontatio.

616 3776 740 3844 τοὺς
765 3778 1039 3837 Φιλίππου
1071 3786 1244 3859 φονεις
1273 3776 1318 3837 εἷ
1356 3778 1553 3852 πάντας
1584 3778 1673 3857 εἴη
1712 3781 2153 3862 τετιμωρημένος
2184 3779 2408 3858 (Plut.,
2459 3778 2683 3849 Alex„
2726 3777 2855 3857 27).

620 3868 678 3927 N
683 3886 758 3925 on
795 3858 1044 3943 rogatus
1073 3866 1372 3926 Hercules
1399 3867 1683 3944 Sophocli
1708 3887 1820 3946 per
1849 3868 2149 3928 somnium
2174 3869 2369 3945 aperit
2394 3867 2530 3944 quis
2545 3866 2859 3927 Minervae

621 3971 916 4027 coronam
943 3954 1179 4015 furatus
1226 3954 1459 4015 occulat
1505 3956 1659 4034 (Vit.
1709 3957 1922 4059 δεξιῶς,
1991 3957 2051 4020 6.
2103 3958 2278 4034 Apud
2344 3957 2719 4027 Ciceronem,
2768 3956 2861 4015 De

621 4044 926 4117 devinam,
959 4043 1010 4104 Ι.
1041 4041 1141 4120 54,
1183 4045 1256 4103 de
1282 4044 1487 4120 patera
1525 4046 1733 4122 agitur
1772 4047 1961 4123 ipsius
2003 4064 2081 4106 ex
2102 4043 2385 4107 Herculis
2430 4044 2693 4105 aedibus·
2720 4062 2863 4121 sur-⁵

624 4133 842 4212 repta).

702 4224 726 4259 ³
753 4223 966 4300 Soph.,
1001 4222 1152 4285 Oed.
1185 4224 1280 4293 R„
1312 4240 1373 4288 v,
1406 4220 1526 4283 300
1554 4241 1646 4301 sq.

704 4312 729 4349 ⁴
760 4312 1220 4389 Schol.OdySS.,
1252 4312 1425 4382 XIV,
1458 4310 1599 4374 327.
