2975 5217
1562 426 1921 501 „62-

712 572 814 642 Eo
868 595 1136 667 quoque
1199 594 1535 667 persaepe
1596 570 1875 642 divinus
1950 593 2259 643 errorem
2317 571 2601 662 vitabat,
2674 571 2885 668 quod

617 673 1126 760 sciscitantibus
1183 712 1344 759 num
1409 697 1677 759 certum
1727 686 1891 781 quid
1957 710 2171 780 agere
2236 687 2617 782 expediret,
2686 712 2876 759 num

615 812 880 877 certum
943 804 1108 900 quid
1170 807 1518 899 attingere
1584 814 1895 899 possent,
1981 801 2250 875 felicem
2311 802 2459 875 fore
2529 813 2877 875 eventum

617 918 871 1007 aiebat,
907 920 1276 991 dummodo
1321 921 1687 1015 quemdam
1732 920 2020 991 deorum
2051 918 2416 1013 propitium
2446 918 2581 990 sibi
2612 919 2875 991 reddi-

617 1035 881 1108 dissent
915 1032 1373 1128 (ἱλάσκεσθαι);
1430 1040 1527 1108 ita
1566 1044 1667 1123 ut,
1712 1036 1772 1106 si
1826 1058 1941 1107 res
1996 1033 2177 1106 male
2230 1035 2655 1124 succederet,
2726 1057 2875 1104 non

616 1151 899 1252 divinus
939 1161 1121 1224 esset
1157 1152 1500 1224 mendacii
1540 1176 1723 1242 reUS,
1760 1152 1879 1223 sed
1922 1158 2040 1221 aut
2078 1149 2247 1222 deus
2296 1150 2863 1236 malevolentiae,

615 1275 731 1338 aut
774 1266 1262 1359 neglegentiae
1306 1267 1420 1339 ille
1467 1269 1617 1360 ipse
1653 1270 1767 1361 qui
1812 1266 2305 1341 consuluerat¹.
2350 1267 2869 1339 U‘niversorum

615 1406 905 1478 quorum
941 1384 1272 1455 memoria
1302 1384 1687 1477 permansit
1724 1383 2161 1455 oraculorum
2202 1408 2340 1454 non
2379 1385 2610 1455 minus
2648 1406 2867 1478 quam

613 1499 1019 1595 tertiapars
1065 1499 2017 1593 caerimonias-praecipiunt,
2078 1500 2443 1590 sacrificia,
2474 1499 2856 1592 piamenta,

613 1612 836 1691 festa2.
881 1616 1074 1699 Quae
1117 1639 1268 1686 cum
1299 1616 1394 1687 ita
1425 1616 1587 1703 sint,
1624 1614 1825 1687 facile
1872 1614 2258 1686 Pomtowio
2283 1615 2487 1687 credo
2526 1614 2864 1688 formulas

617 1759 654 1803 (t
673 1731 780 1801 τίνι
814 1728 886 1801 ἄν
911 1736 1053 1800 θεῶν
1070 1728 1110 1805 ἢ
1137 1728 1348 1828 ἦρώων
1374 1729 1531 1803 θύων
1558 1731 1660 1798 κἀὶ
1690 1730 1993 1821 εὐχόμενος
2019 1732 2265 1827 aliquis
2297 1732 2553 1825 Optime
2579 1740 2852 1825 ageret,

612 1848 726 1919 vel
755 1856 1024 1920 certum
1051 1848 1216 1943 quid
1246 1848 1538 1941 adipisci
1568 1852 1891 1942 posset2»
1910 1904 1927 1937 ,
1964 1890 2059 1901 —-
2087 1848 2172 1919 de
2204 1847 2450 1942 quibus
2480 1848 2623 1919 iam
2644 1870 2857 1941 supra

613 1964 939 2055 diximuS,
990 2007 1082 2018 —-
1131 1987 1267 2035 non
1300 1965 1532 2035 minus
1573 1986 1781 2059 quam
1824 1964 2373 2054 consulentibus,
2412 1965 2855 2058 responsuris

614 2104 882 2177 quoque
949 2080 1291 2175 placuisse
1325 2104 1344 2169 3
1420 2080 1851 2174 theorisque,
1908 2080 2043 2150 nisi
2104 2062 2611 2174 repugnarent,
2688 2078 2852 2151 talia

619 2197 825 2269 verba
851 2196 1201 2268 interdum
1242 2196 1639 2268 sacerdotes
1664 2196 1851 2289 ipsos
1883 2191 2323 2289 praeivisse-⁹²,
2368 2195 2539 2266 Inde
2589 2196 2666 2267 fit
2705 2194 2853 2266 for-

596 2323 798 2385 ·tasse
836 2320 912 2384 ut
949 2313 1062 2384 vel
1107 2313 1264 2407 pius
1308 2313 1540 2401 hom0,
1582 2311 1803 2406 qualis
1856 2312 2253 2406 Xenophon
2291 2311 2507 2382 fuisse
2548 2310 2846 2397 videtur,

614 2428 936 2522 captiosis
965 2428 1104 2500 illis
1132 2428 1547 2521 ambagibus
1566 2449 2065 2523 nonnunquam
2089 2428 2186 2498 uti
2205 2427 2525 2520 potuerit.
2556 2426 2851 2497 Eodem-

613 2568 746 2641 que
766 2546 971 2619 modo
999 2544 1476 2639 explicandam
1498 2544 1804 2633 arbitror
1822 2543 2161 2637 duplicem
2183 2542 2377 2615 illam
2394 2543 2847 2637 percontatio-

615 2685 778 2733 nem
809 2684 1013 2757 quam
1039 2661 1633 2733 Demostheneum
1656 2659 1995 2754 quoddam
2018 2661 2552 2730 instrumentum
2574 2658 2845 2729 exhibet

615 2778 821 2869 (adv.
859 2778 1267 2849 Macartat.
1285 2776 1601 2871 ,ἓὸξῆε
1660 2773 2041 2870 Ἐπερωτᾷ
2016 2803 2041 2841 ο
2075 2768 2305 2865 δῆμοςὸ
2336 2773 2681 2849 Ἀθηναίων
2723 2800 2845 2892 περι

611 2888 702 2963 τοῦ
737 2892 978 2983 σημείου
1017 2886 1110 2961 τοῦ
1151 2891 1213 2960 ἐν
1251 2886 1480 2988 ου’ρανῷ
1520 2891 1839 2987 γενομένου·
1894 2888 1990 2961 ὅτι
2038 2888 2117 2957 ἂν
2149 2885 2409 2986 ὂρῶσιν
2448 2890 2785 2967 Ἀθηναίοις
2808 2918 2840 2960 η

612 3006 740 3097 ὅτῳ
769 3004 899 3097 θεῷ
968 3006 1248 3075 θύουσιν
1289 3038 1326 3082 η
1367 3007 1785 3104 εὐχομένοις
1854 3005 1944 3080 εἴη
2016 3006 2111 3075 ἐπὶ
2173 3007 2231 3076 τὸ
2300 3006 2530 3097 ἄμεινον
2588 3008 2695 3077 ἀπο
2758 3032 2843 3073 του

615 3123 882 3214 σημείου.

715 3241 1309 3326 Quemadmodum
1353 3263 1526 3313 vero
1564 3263 2055 3335 responsorum
2099 3240 2624 3334 ambiguitatem
2664 3236 2837 3311 haud

613 3356 812 3429 inviti
844 3357 1097 3429 Graeci
1129 3357 1540 3446 tolerabant,
1579 3357 1678 3429 ita
1701 3355 2080 3472 et‘alteram
2113 3356 2509 3428 divinorum
2540 3355 2836 3428 fraudem

617 3496 823 3569 quam
861 3474 1062 3544 modo
1093 3472 1320 3545 detexi
1350 3474 1501 3543 sine
1541 3473 1752 3543 dubio
1787 3472 2089 3544 libenter
2118 3472 2305 3566 passi
2335 3482 2522 3544 sunt.
2579 3472 2835 3545 Etenim

618 3613 772 3661 cum
811 3589 991 3684 apud
1031 3588 1186 3660 illos
1224 3596 1415 3661 tanta
1445 3589 1651 3661 turha
1690 3590 1975 3661 deorum
2033 3588 2402 3661 excolenda
2433 3600 2635 3678 esset,
2682 3586 2836 3659 dili-

616 3713 867 3799 genter
916 3704 1408 3777 attendendum
1479 3704 1610 3776 fuit
1655 3728 1743 3776 ne
1793 3705 1903 3777 vel
1948 3705 2136 3776 hunc
2190 3704 2304 3775 vel
2352 3704 2551 3776 illum
2596 3704 2833 3776 oblivio
2912 3706 2915 3711 ’

618 3822 886 3892 darent.
922 3821 986 3892 N
993 3843 1072 3891 ec
1100 3821 1286 3915 apud
1322 3822 1690 3915 scriptores
1730 3820 2164 3891 narrationes
2205 3820 2460 3892 desunt
2506 3820 2831 3916 mythicae

617 3933 735 4008 aut
761 3935 1130 4008 historicae
1158 3936 1273 4007 ubi
1303 3936 1390 4007 ob
1426 3935 1599 4007 iram
1634 3936 1937 4007 numinis
1975 3936 2278 4040 neglecti
2303 3936 2607 4007 miseriis
2635 3958 2829 4031 quos-

701 4138 724 4260 ἒ
754 4138 862 4285 gf
877 4140 1055 4199 Neue
1089 4138 1531 4215 Ιαήνόἅσήεν,
1566 4142 1853 4202 CXXVII
1885 4141 2115 4221 (1883),
2150 4162 2214 4219 ρ,
2240 4142 2379 4205 358.

701 4316 724 4352 ³
754 4228 957 4396 sbi-31,
991 4339 1052 4396 p.
1083 4320 1382 4383 358-359.
