2975 5217
1109 417 1459 482 ...45-

102 559 378 635 Πυθῖην
416 563 711 631 ἀνέπειθον
740 562 1039 657 χρήμασι,
1075 560 1248 640 ὅκως
1293 560 1560 631 ἔλθοιεν
1588 561 2099 657 Σπάρτιητέων
2131 546 2395 658 ’ἄνδρες

105 679 254 745 εἴτε
321 676 501 791 ἶόἷῳἱ
540 677 771 768 στόλῳ
807 676 947 748 εἴτε
989 678 1308 769 δημοσίῳ
1348 678 1812 776 χρησόμενοι,
1844 677 2145 775 προφέρειν
2165 705 2267 773 σφι
2294 680 2396 757 τοὶς

105 792 416 873 Ἀθήνας
445 792 798 891 ἐλευθεροῦν.
845 794 1064 866 Vides
1093 794 1561 888 consulenteS,
1596 820 1753 868 cum
1786 797 1956 867 deus
2000 817 2041 866 a
2084 818 2159 865 re
2193 796 2399 867 aber-

108 923 360 1003 raret,
391 899 547 984 nson
583 912 735 983 sine
763 911 1240 985 controversia
1274 911 1623 984 aberranti
1659 911 2018 984 obsecutos
2062 934 2240 1000 esse,
2274 912 2398 983 illa

111 1026 502 1121 Apollinis
531 1028 732 1122 quasi
770 1028 842 1097 in
871 1050 1070 1098 suum
1104 1038 1482 1117 vertenteS,
1528 1028 1766 1119 Pelopi
1797 1026 2141 1121 quondam
2170 1027 2398 1099 obiec-

109 1152 266 1213 tata
317 1168 340 1213 :
382 1141 408 1211 ὃ
449 1142 725 1233 βούλομαι
757 1140 878 1231 δός,
913 1144 996 1231 μή
1029 1142 1190 1211 δίδου
1229 1142 1282 1209 δ’
1314 1140 1341 1211 3
1383 1144 1466 1231 μή
1528 1142 1672 1210 θέλω
1696 1144 1744 1214 ¹.

226 1376 600 1473 Persaepe
630 1401 796 1450 vero
827 1379 1058 1450 evenit
1107 1388 1182 1450 ut
1223 1369 1426 1474 quod}
1457 1376 1823 1448 consilium
1865 1382 2399 1469 praeceptumve

123 1492 508 1565 iussumve
538 1495 707 1565 deus
741 1494 943 1566 alicui
973 1493 1262 1567 dederat
1288 1477 2083 1622 noqsinesquorumdam
2113 1511 2403 1561 assensu

128 1619 202 1679 et
243 1609 516 1680 auxilio
553 1610 640 1681 ad
671 1602 990 1682 effectum
1020 1610 1175 1681 duci
1213 1610 1538 1703 potuerit.
1588 1610 1825 1681 Placet
1871 1608 2223 1702 inquirere
2268 1626 2401 1700 quo

133 1726 358 1795 modo
388 1726 504 1795 isti
535 1748 610 1796 se
639 1726 1016 1818 gesserint.

235 1840 570 1913 Rhodios
608 1840 956 1913 Diodorus
990 1850 1227 1913 narrat
1251 1842 1373 1938 (V.
1409 1839 1533 1912 58.
1558 1838 1756 1937 4-5),
1780 1838 2217 1933 serpentibus
2248 1860 2403 1931 per-

139 1954 396 2027 multis
432 1966 744 2045 vexatOS,
779 1955 1174 2051 Apollinem
1203 1958 1555 2028 hortatum
1614 1978 1767 2028 esse
1810 1964 1884 2026 ut
1936 1955 2405 2026 Phorbantem

143 2070 238 2141 ad
301 2094 377 2142 se
433 2071 866 2165 appellarent
909 2096 924 2142 z
996 2074 1114 2167 qui
1161 2071 1476 2167 quidem,
1514 2095 1671 2143 cum
1719 2070 1847 2143 sub
1894 2070 2079 2141 idem
2136 2080 2405 2163 tempus

145 2186 428 2283 sibique
471 2196 544 2258 et
579 2187 726 2257 suis
765 2186 1160 2259 commodas
1199 2187 1399 2259 sedes
1443 2198 1832 2282 quaereret,
1897 2187 1996 2257 nil
2048 2184 2298 2256 mirum
2347 2184 2406 2254 si

149 2304 532 2374 arcessitus
556 2312 986 2375 arcessentes
1025 2303 1256 2375 statim
1305 2311 1583 2374 secutus
1632 2310 1762 2374 est;
1814 2302 2061 2396 Neque
2100 2303 2407 2373 Damar-

150 2440 360 2489 meno
397 2441 621 2512 grave
677 2418 808 2490 fuit
841 2418 1095 2507 ElaeiS‚
1137 2419 1258 2516 qui
1306 2418 1643 2503 suadente
1692 2418 1947 2511 Pythia
1997 2440 2075 2489 os
2120 2416 2403 2508 Pelopis

155 2533 508 2626 petebant,
545 2534 887 2627 extemplo
919 2558 1182 2606 morem
1221 2557 1498 2627 gerere,
1542 2557 1697 2605 cum
1727 2537 1877 2628 ipse
1920 2543 2081 2605 tunc
2116 2530 2407 2624 Delphis

159 2659 444 2743 rogaret
490 2650 829 2745 quomodo
865 2674 1023 2723 osse
1052 2652 1381 2723 utendum
1423 2651 1702 2741 (Paus,
1746 2652 1837 2721 V.
1887 2648 2001 2720 13.
2046 2645 2151 2745 5).
2199 2645 2407 2719 Tales

158 2776 393 2838 autem
413 2780 815 2858 concursus,
852 2768 1001 2839 sive
1020 2768 1340 2838 fortuitos
1375 2766 1523 2838 sive
1542 2766 1627 2838 de
1649 2766 1993 2838 industria
2021 2788 2063 2837 a
2090 2765 2407 2837 numini-

159 2879 289 2953 bus
319 2892 791 2977 praeparatOS,
826 2908 1061 2955 rerum
1113 2883 1282 2954 ordo
1313 2868 1601 2977 perraro
1632 2881 1921 2954 ferebat.
1971 2882 2215 2975 Longe
2245 2902 2401 2952 sae-

162 2997 318 3088 pius
373 3021 530 3068 cum
566 2997 962 3090 improvisis
1019 3007 1088 3070 et
1141 2998 1657 3091 inopinantibus
1716 3019 1831 3067 res
1884 2997 2195 3089 gerenda
2244 2994 2400 3065 fuit.

165 3112 474 3195 Quorum
519 3113 766 3186 multos
831 3113 1286 3185 nihilominus
1336 3114 1642 3185 consiliis
1672 3113 1923 3184 divinis
1964 3110 2221 3183 dociles
2252 3134 2407 3182 sese

166 3228 593 3321 praebuisse,
637 3230 953 3325 equidem
1018 3254 1154 3301 non
1196 3230 1457 3300 infitior
1507 3254 1523 3301 ε
1574 3230 1764 3301 velut
1809 3229 1969 3300 illos
2015 3250 2099 3299 ex
2159 3225 2407 3321 quibus

166 3344 314 3414 κατὰ
351 3343 477 3422 τούς
519 3344 822 3441 χρησμούς
850 3346 1001 3417 Teii
1030 3345 1372 3440 quondam
1403 3344 1941 3440 postulaverunt·
1979 3349 2073 3415 ut'
2099 3351 2407 3414 sanctam

172 3470 236 3530 et
273 3460 823 3532 intemerandam
882 3459 1123 3532 urbem
1183 3461 1401 3533 Teum
1456 3459 1798 3533 haberent
1814 3458 1866 3551 2,
1940 3457 2053 3530 vel
2111 3458 2407 3529 artifices

171 3575 422 3647 scenici
492 3585 568 3647 ut
623 3576 935 3648 universi
981 3576 1274 3669 collegio
1335 3577 1705 3673 privilegia
1772 3573 2108 3671 quaedam
2184 3595 2405 3665 agno-

249 3768 430 3829 ¹Sch.
462 3771 798 3847 Aristoph„
828 3771 1025 3843 Nub„
1059 3790 1122 3831 v.
1163 3772 1294 3833 144.

245 3856 270 3890 ²
294 3852 970 3937 Lebas-Waddington,
998 3861 1136 3921 Asie
1162 3863 1462 3934 Mineure,
1496 3860 1559 3941 n?
1603 3860 1707 3938 78,
1739 3860 1782 3921 1.
1822 3859 1941 3919 7-9
1973 3878 1988 3916 ι
2036 3858 2172 3939 ὑπὲρ
2224 3880 2283 3915 τε
2310 3867 2404 3915 τοῦ

177 3938 300 4004 εἶναι
320 3944 461 4028 ἱερὰν
496 3946 613 4025 κα[ὶ
643 3947 840 4009 ἄσυλον
869 3946 973 4027 τὴν
1004 3951 1189 4033 χώραν
1221 3950 1428 4027 αὐτῶν]
1454 3953 1791 4027 συνέστησαν
1816 3949 1901 4007 διά
1918 3971 1978 4007 τε
2002 3954 2109 4006 τῶν
2136 3954 2405 4029 χρησμῶν

181 4028 306 4111 [τῶν
336 4032 777 4116 ἀναγγελθέντων
795 4034 878 4117 ἐν]
902 4041 1129 4123 Δελφοῖς
1158 4039 1246 4099 καὶ
1269 4040 1322 4098 ἐν
1335 4041 1690 4115 Διδύμοὶς.-
1707 4040 1793 4097 De
1814 4037 2113 4097 similibus
2141 4036 2405 4095 oraculis

181 4140 322 4197 quae
351 4126 630 4202 Cyziceni
658 4145 895 4203 quoque
941 4134 1328 4205 acceperunt,
1376 4126 1452 4186 cf.
1502 4145 1655 4203 quae
1692 4127 1937 4202 scripsit
1965 4123 2301 4183 Homollius
2341 4127 2403 4184 in

182 4211 356 4289 BCH,
376 4214 488 4288 IV,
519 4234 580 4292 p.
611 4216 753 4286 473,
785 4216 926 4278 476.
970 4216 1234 4297 (Titulus
1259 4215 1371 4274 sub
1400 4214 1578 4273 finem
1622 4214 1709 4273 111i
1765 4214 1991 4273 saeculi
2011 4211 2112 4271 vel
2140 4210 2313 4271 initio
2342 4214 2403 4274 11i

185 4310 451 4362 exaratus
477 4303 664 4363 fuisse
688 4304 979 4385 videtur).
