2975 5217
1109 415 1464 483 ...59-

113 561 510 651 testatur1,
545 584 860 634 veracem
902 562 1221 657 Pythiam
1260 560 1645 650 duxerunt3
1681 560 1791 631 sin
1834 584 2000 632 vero
2039 559 2395 632 Callistra-

112 680 242 744 tus
307 677 586 749 veniam
633 678 926 766 tulisset,
973 678 1141 772 quin
1201 679 1261 749 si
1306 676 1687 748 honoribus
1734 676 2125 747 cumulatus
2178 684 2387 759 esset,

111 787 294 881 ipse
346 802 412 863 et
454 794 604 865 eius
653 794 855 865 amici
899 794 1050 865 sine
1099 793 1306 865 dubio
1343 792 1529 863 idem
1578 792 2052 878 censuissent3
2093 794 2186 863 ita
2234 800 2310 863 ut
2350 811 2392 861 a

113 916 348 999 parte
379 909 716 982 alterutra
743 909 998 1005 Apollo
1028 933 1168 980 non
1199 910 1502 1001 potuerit
1547 932 1688 980 non
1714 908 2065 979 veridicus
2110 907 2381 980 haberi.

113 1022 314 1095 Non
355 1025 578 1118 magis
632 1027 1018 1119 periculum
1068 1024 1322 1097 fuitne
1369 1004 1818 1102 Dodonaeum
1866 1023 2221 1096 oraculum
2252 1046 2384 1118 quo

117 1139 650 1214 Demosthenes
719 1143 1066 1215 adversus
1133 1142 1505 1230 Eubulum,
1578 1141 1975 1214 Dinarchus
2053 1141 2386 1212 adversus

119 1256 673 1331 Demosthenem
699 1262 941 1350 utitur,
975 1304 1068 1314 ——
1087 1260 1470 1356 φυλάττεσθαι
1489 1259 1614 1337 τούς
1639 1256 1928 1353 ἡγεμόνας
1953 1257 2058 1324 καὶ
2082 1255 2207 1334 τούς
2234 1283 2387 1346 συμ-

126 1372 382 1461 βούλους
417 1418 539 1465 -,
581 1387 832 1449 eventu
879 1378 1420 1471 redargueretur
1481 1402 1495 1446 :
1548 1400 1708 1447 nam
1775 1375 2259 1463 Athenienses,
2331 1375 2389 1444 si

125 1513 446 1586 unquam
475 1494 824 1585 peccaturi
865 1504 1090 1581 erant,
1136 1496 1611 1564 necessarium
1650 1504 1799 1563 erat
1846 1490 2179 1564 suadente
2223 1513 2387 1585 quo-

127 1606 304 1677 dam
332 1617 396 1679 et
426 1610 620 1703 quasi
660 1609 953 1681 ducente
981 1632 1307 1704 peccare;
1342 1609 1589 1705 cuique
1618 1632 1785 1680 vero
1820 1608 1981 1678 illos
2020 1630 2187 1702 quos
2217 1607 2387 1678 deus

131 1742 416 1805 notaret
446 1756 766 1805 suasores
791 1734 1135 1829 ducesque
1166 1757 1549 1827 agnoscere
1576 1734 1857 1805 licuisse
1888 1732 2004 1803 ubi
2032 1732 2271 1821 vellet,
2304 1754 2397 1803 ex

131 1848 317 1921 locis
339 1873 545 1943 supra
583 1849 880 1922 laudatis
911 1851 1046 1922 iam
1088 1852 1259 1921 satis
1289 1849 1733 1921 manifestum
1769 1860 1895 1920 est.
1942 1848 2191 1919 Adhuc
2237 1849 2386 1919 ina-

135 1963 370 2053 niora,
415 1967 472 2037 si
509 1966 661 2038 fieri
692 1974 942 2059 potest,
994 1966 1327 2037 nonnulla
1375 1965 1654 2053 oracula
1700 1973 2016 2054 exstant3
2058 1987 2381 2057 quorum,

137 2104 232 2151 ne
265 2082 514 2153 multus
552 2082 706 2170 sim,
759 2082 1056 2154 sufficiat
1105 2104 1493 2153 memorare
1531 2082 1687 2171 due,
1726 2080 2083 2153 Thebanis
2137 2102 2201 2151 a.
2238 2079 2385 2152 336

136 2206 311 2267 ante
346 2198 530 2268 urbis
572 2198 955 2269 exscidium
981 2198 1167 2269 edita
1201 2224 1216 2269 z
1257 2198 1661 2291 rogantibus
1705 2198 1888 2268 enim
1936 2197 2104 2291 quid
2147 2220 2382 2268 mone-

141 2326 257 2383 ret
276 2336 563 2387 araneae
585 2315 721 2386 tela
745 2338 916 2409 quae
948 2316 1020 2385 in
1040 2315 1314 2386 Cereris
1342 2312 1503 2386 fano
1523 2314 1675 2386 visa
1698 2322 1871 2401 erat,
1904 2312 2381 2407 magnitudine

145 2438 216 2497 et
245 2428 466 2500 colore
504 2431 834 2525 insignis,
873 2430 1130 2524 Pythia
1159 2430 1516 2525 respondit
1554 2454 1568 2497 :

432 2640 686 2735 Σημεῖον
707 2642 833 2714 τόδε
859 2648 1006 2718 πᾶσι
1047 2645 1156 2713 θεοὶ
1186 2642 1453 2741 φαίνουσι
1485 2638 1760 2739 βροτοῖσι,

431 2754 703 2840 Βοιωτοῖς
739 2760 803 2829 δέ
830 2761 1090 2851 μάλιστα
1123 2761 1226 2827 καὶ
1252 2758 1301 2828 οἳ
1331 2760 1785 2855 περιναιετάουσι

149 2984 572 3078 patriumque
633 2982 1123 3055 Thebanorum
1197 2982 1555 3054 oraculum
1608 3006 1854 3054 rursus
1904 2983 2085 3056 hanc
2144 2994 2411 3058 vocem·

149 3097 396 3171 edidit:

424 3274 601 3355 Ἱστός
644 3274 1019 3372 ὑφαινόμενος
1045 3276 1201 3367 ἄλλῳ
1240 3278 1414 3345 κακὸν
1423 3338 1440 3371 ‚
1473 3274 1631 3367 ἄλλῳ
1653 3275 1881 3367 ἄμεινον
1910 3284 1924 3348 l

1352 3402 1619 3499 (umet,
1664 3402 1895 3475 XVII.
1940 3405 2054 3474 10.
2089 3401 2281 3497 2-3.)

241 3614 448 3685 Forte
473 3614 627 3709 quis
660 3614 948 3684 'miretur
976 3616 1035 3685 si
1072 3614 1523 3708 ambiguitaS,
1580 3614 2161 3708 respondentibus
2210 3638 2378 3688 sane

155 3729 476 3820 perutiliS,
532 3729 974 3801 consulentes
1016 3754 1152 3801 non
1204 3731 1395 3820 ocius
1469 3731 1556 3810 de
1622 3730 1755 3803 fide
1816 3731 2098 3802 deduxit
2162 3740 2231 3802 et
2290 3733 2381 3804 ad

153 3842 292 3916 illas
322 3845 748 3939 suspiciones
798 3845 1410 3942 cavillationesque
1467 3847 1749 3941 pellexit
1808 3870 1976 3941 quas
2015 3868 2179 3918 suas
2222 3846 2382 3921 fecit

159 3958 442 4050 (licea-0²,
533 3984 706 4056 quas
788 3962 1208 4035 Plutarchus
1304 3970 1633 4057 tanquam
1718 3964 2177 4058 scepticorum
2257 3987 2378 4035 re-

227 4222 243 4256 ¹
273 4224 432 4285 L.l.=
462 4222 524 4282 τὸ
553 4219 652 4306 γὰρ
683 4231 793 4283 τῶν
819 4228 1002 4304 νόμων
1031 4232 1140 4289 τοῖς
1166 4219 1447 4300 ἠδικηκόσι
1473 4234 1655 4305 τυχεῖν
1684 4232 1917 4309 τιμωρία
1944 4227 2105 4286 ἐστίν.

229 4309 250 4344 ²
275 4312 366 4371 De
394 4313 820 4387 divinatione,
869 4315 954 4372 ΙΙ.
999 4311 1078 4371 56
1111 4332 1126 4369 t
1164 4332 1196 4368 «
1224 4312 1505 4371 Oraculis
1551 4315 1929 4391 Chrysippus
1973 4319 2165 4375 totum
2199 4318 2383 4377 volu-
