2975 5217
1580 466 1939 534 ...30—

914 612 1067 707 ἦμεν
1102 614 1156 683 δ’
1187 612 1392 705 ἕτοιμοι
1421 614 1525 681 καὶ
1554 611 1808 710 μύδρους
1836 610 2029 708 αἴρειν
2060 619 2261 712 χεροῖν

911 732 1015 801 καὶ
1041 738 1159 829 πῦρ
1187 731 1450 827 διέρπειν.
1470 730 1575 798 καὶ
1608 730 1763 807 θεοὺς
1790 728 2163 825 ὁρκωμοτεῖν,

909 850 967 921 ‘ro'
992 850 1138 940 μήτε
1175 847 1398 947 δρᾶσαι
1433 848 1578 938 μήτε
1618 851 1700 938 τῷ
1734 845 2053 926 ξυνειδέναι

905 967 966 1039 ‘to‘
1006 971 1259 1063 πρᾶγμοι
1300 963 1669 1057 βουλεύσαντι
1694 963 1839 1055 μηδ’
1874 964 2273 1061 εἰργασμένῳ,

619 1152 924 1238 forensis
998 1152 1423 1224 Graecorum
1497 1151 1918 1223 consuetudo
1983 1152 2445 1224 admittebat1.
2512 1156 2729 1241 Quae,
2800 1148 2874 1227 si'
2948 1156 2951 1181 ²

620 1268 1040 1358 admisisset,
1083 1267 1378 1340 libenter
1429 1291 1505 1340 se
1548 1267 1895 1357 subituros
1938 1267 2091 1340 sine
2132 1267 2346 1340 dubio
2384 1269 2868 1344 declarassent

620 1397 686 1460 et
710 1376 1131 1471 AndocideS‚
1159 1384 1278 1456 ubi
1315 1379 1751 1457 sanctitatem
1782 1406 1977 1455 suam
2003 1408 2088 1455 ex
2116 1406 2198 1457 eo
2226 1388 2675 1481 comprobare
2709 1400 2864 1459 stu-

619 1492 734 1575 det
763 1503 948 1599 quod
983 1526 1122 1574 non
1158 1503 1394 1573 invitis
1424 1500 1570 1573 deis
1616 1508 1714 1571 tot
1760 1509 1829 1571 et
1866 1510 2057 1573 tanta
2100 1502 2310 1573 maris
2355 1503 2662 1597 pericula
2701 1503 2863 1576 feli—
2950 1506 2952 1509 ⁴

615 1619 789 1693 citer
833 1639 1107 1714 semper
1155 1618 1482 1713 effugerit
1500 1616 1554 1708 ²,
1608 1626 1674 1691 et
1721 1617 1939 1689 Helus
1984 1617 2108 1689 ille
2137 1641 2262 1712 pro
2291 1640 2425 1714 quo
2454 1619 2669 1692 verba
2709 1620 2861 1693 fecit

613 1734 1000 1831 Antiphon,
1030 1733 1147 1806 ubi
1174 1742 1366 1807 tanta
1398 1735 1467 1805 vi
1504 1734 1764 1807 extollit
1792 1756 2002 1828 saepe
2034 1735 2353 1829 evenisse
2390 1744 2466 1807 ut
2505 1758 2709 1830 quam
2743 1737 2858 1807 in-

616 1852 1000 1929 scendisset
1026 1852 1360 1946 impurus.
1385 1851 1458 1920 in
1490 1850 1867 1946 perniciem
1916 1851 2113 1923 navis
2160 1849 2587 1942 traheretur,
2624 1862 2699 1924 ut
2728 1853 2854 1925 ad-
2952 1856 2954 1859 ‘

617 1956 840 2048 stante
867 1969 1140 2063 impuro
1165 1965 1485 2061 perlitari
1520 1966 1712 2039 nullo
1750 1966 1952 2038 modo
2000 1976 2257 2059 posset,
2306 1990 2381 2039 se
2425 1961 2594 2040 vero
2635 1990 2852 2064 quan-

614 2087 858 2160 docum
867 2107 998 2182 que
1013 2083 1538 2178 navigationem
1559 2081 2321 2178 quamdamjsusceperit
2337 2084 2641 2168 secundo
2655 2107 2860 2171 cursu,

613 2225 813 2275 usum
846 2225 1029 2291 esse,
1073 2223 1202 2272 nec
1245 2223 1547 2295 unquam
1598 2200 1813 2271 sacris
1855 2198 2258 2272 interfuisse
2303 2198 2425 2271 ubi
2470 2224 2605 2273 non
2645 2199 2849 2274 fuerit
2954 2204 2956 2213 '

611 2318 1014 2415 perlitatum
1050 2315 1381 2412 optime3.

707 2436 1001 2509 Mixtum
1055 2434 1422 2547 quemdam
1470 2456 1673 2506 usum
1728 2432 2193 2523 divinationis,
2247 2434 2336 2506 ad
2376 2433 2605 2507 futura
2648 2434 2844 2508 simul

611 2558 681 2621 et
725 2550 1120 2644 praesentia
1175 2550 1638 2644 praeteritave
1690 2557 2137 2643 spectantem,
2186 2540 2531 2622 exhibent
2564 2550 2696 2623 loci
2741 2541 2842 2623 sat

609 2666 808 2738 multi
853 2665 969 2736 ubi
1018 2665 1106 2737 de
1152 2673 1472 2760 portento
1514 2665 1810 2761 quodam
1856 2666 2019 2761 quid
2070 2666 2157 2737 sit
2203 2674 2271 2737 et
2303 2666 2469 2761 quid
2498 2666 2694 2755 velit,
2735 2667 2838 2741 vel

608 2782 694 2855 de
713 2746 1108 2855 calamitate
1135 2781 1324 2855 unde
1349 2782 1440 2853 sit
1469 2791 1707 2853 exorta
1739 2791 1809 2853 et
1848 2806 1981 2876 quo
2004 2792 2201 2878 pacto
2240 2783 2585 2856 removeri
2614 2796 2831 2880 queat,

606 2922 744 2971 uno
806 2898 1188 2993 eodemque
1250 2905 1562 2992 tempore
1611 2891 1991 2992 quaeritur.
2037 2898 2195 2969 'Sed
2252 2897 2691 2971 manifestum
2742 2912 2836 2974 est

607 3023 772 3087 tunc
803 3014 1099 3110 priorem
1129 3023 1395 3109 partem
1424 3014 1969 3107 percontationis
2014 3014 2114 3085 nil
2151 3037 2305 3086 esse
2345 3015 2481 3086 nisi
2526 3016 2829 3107 alterius,

589 3136 684 3203 'ut
731 3132 826 3203 ita
865 3131 1112 3216 dicam,
1151 3131 1580 3225 prooemium
1622 3152 1638 3219 ;
1670 3128 1869 3225 -quod
1905 3129 2089 3201 idem
2128 3129 2315 3201 valet
2349 3129 2435 3229 de
2465 3131 2633 3204 locis
2676 3158 2832 3207 non-

605 3246 819 3321 nullis
873 3246 944 3316 in
995 3245 1242 3341 quibus
1301 3246 1594 3319 alteram
1624 3245 1918 3339 scriptor
1944 3245 2325 3340 praeteriit,
2364 3256 2597 3342 utpote
2640 3274 2831 3347 quam

685 3546 706 3581 ¹
733 3548 1087 3624 Quanquam
1141 3548 1540 3623 quorumdam
1584 3547 1859 3608 locorum
1888 3548 2241 3626 peculiares
2279 3566 2425 3609 usus
2454 3567 2571 3608 non
2600 3550 2823 3627 ignoro,

602 3637 775 3696 velut
800 3637 1168 3713 Aegensium
1201 3638 1264 3696 in
1296 3638 1603 3717 creatione
1651 3638 1991 3717 antistitum
2020 3638 2287 3698 Telluris
2338 3638 2661 3717 (Pansam,
2694 3640 2818 3719 VII.

600 3725 680 3784 25
709 3725 785 3783 ad
812 3724 892 3783 fin
926 3768 944 3788 .

680 3811 706 3847 ²
734 3722 992 3887 Ando)c.,
1023 3815 1104 3874 de
1138 3815 1501 3893 Mysteriis,
1533 3814 1569 3886 ἓ
1599 3817 1715 3876 137
1743 3836 1865 3894 sq„
1897 3816 2174 3893 inprimis
2198 3814 2237 3887 ἓ
2264 3816 2383 3877 139
2400 3818 2474 3876 ad
2502 3817 2607 3877 fin.

617 3896 627 3909 ⁴
676 3904 701 3941 ³
730 3905 1010 3982 Antiph„
1072 3907 1152 3965 de
1181 3906 1377 3965 caede
1419 3906 1730 3977 HerodiS,
1758 3906 2035 3985 §81-85.
2078 3908 2271 3966 Enota
2298 3908 2663 3988 praesertim
2690 3909 2822 3968 haec

597 3994 826 4053 verba
809 4012 872 4052 ln
893 3994 1270 4062 universum,
1310 4001 1376 4054 ut
1418 3995 1684 4069 videtur,
1718 3998 1925 4056 dictat
1955 4019 2064 4079 χρη
2096 3996 2151 4055 δὲ
2174 4020 2265 4055 και
2287 4006 2397 4063 τοις
2425 3992 2528 4055 ἀπὸ
2550 4003 2660 4056 τῶν
2700 4004 2819 4058 θεῶν

598 4087 840 4160 σημείοις
867 4085 1173 4163 γενομένοις
1213 4083 1284 4151 εἰς
1311 4079 1380 4143 τὰ
1416 4094 1642 4145 τοιαῦτα
1660 4110 1719 4145 ου
1724 4110 1763 4169 Α
1796 4084 2000 4163 ἥκιστα
2027 4109 2122 4145 τεκ
2126 4088 2471 4167 μηραμὲνους
2510 4088 2819 4171 ψηφίζεσθαι

598 4170 658 4251 (S
677 4169 806 4249 81),
843 4172 1060 4248 quibus
1090 4172 1163 4230 de
1191 4174 1451 4233 aliorum
1471 4181 1713 4253 σημείων
1735 4193 1843 4234 usu
1866 4175 2134 4251 legitimo
2161 4173 2403 4253 (talium
2432 4176 2661 4236 scilicet
2679 4196 2817 4256 quae

597 4260 760 4319 inter
794 4258 987 4335 ipsam
1035 4260 1450 4337 quaestionem
1498 4263 1683 4322 iudex
1713 4260 2179 4343 exploravisset)
2207 4268 2507 4337 vetamur,
2538 4263 2600 4322 ni
2626 4264 2813 4330 fallor.

601 4346 890 4429 cogitare.
1721 4373 1733 4389 ·-
2456 4377 2461 4383 ·
