2975 5217
1540 470 1634 490 ...,
1678 434 1899 501 48...-

567 610 572 616 ·
609 578 969 649 oraculum
1052 578 1398 674 dirempta
1479 578 1827 669 audimuS,
1900 579 2084 651 inter
2164 580 2582 650 altercantes
2664 574 2887 670 prius

607 694 1014 767 convenisse
1042 705 1120 767 ut
1147 695 1373 767 iudice
1395 696 1521 768 deo
1552 706 1913 769 uterentur
1952 697 2064 767 vel
2101 695 2358 767 dicitur
2388 696 2499 766 vel
2529 690 2884 765 credibile

609 818 740 883 est.
777 809 1030 882 Confer
1068 834 1240 907 quae
1263 813 1653 884 Pausanias
1690 823 1932 884 narrat
1958 812 2043 883 de
2071 811 2278 883 Codri
2307 812 2467 881 filiis
2487 809 2881 903 imperium

610 926 815 997 simul
854 927 1246 1019 petentibus
1277 926 1498 1024 (VIII.
1538 932 1609 1000 2.
1655 931 1684 999 1
1730 952 1743 999 ε
1800 926 1995 1007 Δόξαν
2028 926 2092 995 δέ
2119 910 2316 1023 σφισιν
2356 926 2681 1020 ἀνενεγκεῖν
2718 924 2791 1001 ἐς
2820 919 2883 991 τέ

609 1040 959 1138 χρηστήριον
987 1041 1044 1111 το·
1073 1041 1136 1110 ἐν
1162 1042 1430 1139 Δελφοῖς.
1450 1100 1463 1115 .
1485 1048 1565 1135 .),
1620 1046 2011 1124 Herodotus
2058 1045 2144 1115 de
2202 1046 2447 1139 Gygae
2474 1041 2875 1113 fautoribus

611 1166 680 1229 et
725 1158 1153 1230 adversariis
1205 1159 1295 1257 (I.
1369 1160 1456 1231 13
1531 1184 1545 1229 :
1608 1158 1939 1233 συνέδησαν
1977 1159 2037 1238 ἐς
2090 1159 2264 1228 τώυτὸ
2301 1156 2354 1227 οἵ
2395 1187 2454 1227 τε
2500 1162 2596 1226 τοῦ
2641 1156 2868 1249 Γυγέω

611 1267 930 1343 στασιῶται
989 1273 1094 1341 καὶ
1150 1273 1198 1342 οἱ
1258 1276 1434 1343 λοιποὶ
1486 1274 1731 1369 Λυδοί),
1796 1276 2139 1348 Diodorus
2220 1277 2305 1347 de
2381 1275 2708 1370 Cymaeis
2804 1280 2873 1341 et

614 1388 1072 1463 Clazomeniis
1101 1391 1188 1462 ob
1231 1392 1528 1464 Leucam
1573 1392 2007 1484 litigantibus
2056 1393 2256 1484 (XV.
2315 1392 2427 1463 18.
2470 1390 2519 1461 2
2565 1416 2580 1460 :
2616 1388 2775 1480 μετὰ
2804 1378 2870 1455 δέ
2943 1424 2944 1445 ;

608 1510 796 1575 ταῦτα
842 1504 1097 1585 εἰπόντος
1152 1508 1298 1585 τινὸς
1349 1506 1648 1602 ἐρωτῆσαι
1714 1508 1806 1577 τὸν
1868 1508 1991 1576 θεὸν
2043 1508 2232 1599 κτλ.),
2294 1508 2379 1579 de
2436 1506 2864 1577 Thuriorum

584 1620 1027 1694 ‚factionibus
1065 1646 1362 1718 quarum
1403 1647 1711 1718 quaeque
1738 1625 1879 1695 suis
1908 1618 2170 1693 οἰκιστῶν
2210 1626 2507 1695 honores
2533 1621 2865 1715 poscebat

617 1737 815 1830 (XII.
843 1738 963 1813 35.
993 1738 1041 1809 3
1069 1764 1082 1809 ε
1112 1738 1264 1817 τέλος
1291 1738 1353 1806 δέ
1381 1732 1513 1808 τῶν
1542 1739 1874 1834 Θουρίων
1904 1741 2257 1831 πεμψάντων
2278 1738 2361 1817 εἷς
2383 1738 2641 1833 Δελφούς
2660 1738 2854 1826 κτλ.),
2943 1820 2944 1827 ¹

615 1863 746 1925 etc.
782 1855 1030 1949 Neque
1069 1855 1443 1950 Corcyraei
1473 1857 1655 1951 apud
1694 1855 2173 1951 Thucydidem
2208 1854 2291 1953 (Ι.
2334 1852 2491 1950 28),
2534 1854 2857 1947 Epidam-
2942 1842 2944 1923 ζ

614 1993 778 2040 num
815 1970 945 2041 sibi
973 1969 1432 2060 vindicanteS,
1473 1995 1807 2065 responsa
1839 1972 2077 2044 divina
2098 1971 2278 2043 ultro
2309 1970 2854 2065 praetendebant
2942 1958 2944 1971 ⁴

617 2095 735 2158 aut
778 2085 867 2158 ad
921 2086 1330 2158 solvendam
1368 2088 1559 2159 litem
1602 2088 1906 2182 Apollini
1942 2088 2195 2183 Pythio
2244 2088 2579 2157 maiorem
2618 2094 2852 2179 potes—
2943 2152 2944 2181 2

614 2208 824 2273 tatem
869 2203 1177 2273 tribuere
1205 2202 1535 2275 volebant
1554 2226 1757 2297 quarn
1789 2204 2049 2275 arbitro
2070 2203 2375 2273 humano
2400 2203 2842 2293 cuicumque:
2942 2196 2944 2203 ⁴

613 2316 663 2387 εἷ
721 2315 786 2385 δέ
875 2346 926 2387 τι
1007 2312 1418 2388 ἀντιποιοῦνται
1476 2319 1906 2416 (Corinthii),
1986 2316 2157 2396 δῖκας
2229 2315 2430 2391 ἤθελον
2505 2310 2707 2387 &mim
2787 2314 2849 2381 ἐν

611 2433 1027 2523 Πελοποννήσῳ
1064 2436 1231 2531 παροὶ
1257 2434 1447 2504 πόλεσι
1486 2428 1587 2511 αἷς
1616 2431 1686 2501 ἂν
1723 2432 2024 2530 ἀμφότεροι
2056 2432 2380 2524 ξυμὸὧσιν·
2411 2432 2688 2529 ὁποτέρων
2718 2431 2848 2498 δ’ἇν

616 2544 870 2641 δικασθῇ
897 2544 1048 2618 εἶναι
1085 2550 1188 2625 τήν
1225 2550 1520 2640 ἀποικίαν,
1554 2550 1773 2629 τούτους
1814 2544 2073 2646 κρατεῖν.
2123 2551 2373 2619 ’Ήθελον
2418 2548 2481 2616 δὲ
2532 2549 2633 2617 καὶ
2679 2544 2753 2637 τῷ
2785 2550 2845 2614 ἐν

615 2662 864 2763 Δελφοῖς
891 2667 1150 2758 μαντείῳ
1175 2667 1511 2763 ἐπιτρέψαι.

713 2906 934 2989 Quam
973 2902 1378 2974 arctissimis
1426 2902 1645 2996 igitur
1680 2901 1937 2973 finibus
1978 2902 2503 2995 inopportunam
2552 2897 2840 2969 numinis
2943 2988 2944 2991 Ἴ

614 3020 831 3092 divini
859 3018 1390 3112 patefactionem
1427 3018 1681 3089 Graeci
1712 3017 2339 3111 circumscripsisse
2378 3016 2723 3086 videntur.

816 3119 826 3143 .

1710 3375 1740 3406 ὴ

1667 3437 1697 3469 4
1758 3437 1786 3468 *

715 3618 998 3689 Pietatis
1035 3641 1194 3712 pars
1235 3628 1337 3689 est
1369 3641 1641 3688 morum
1682 3617 2069 3711 disciplina.
2109 3616 2213 3687 De
2254 3628 2386 3709 qua
2419 3638 2599 3685 nunc
2640 3611 2834 3684 verba
2943 3674 2944 3693 ,

615 3732 978 3805 faciamus,

715 3962 917 4032 Omni
944 3969 1252 4056 tempore
1271 3962 1455 4057 apud
1480 3962 1783 4034 Graecos
1812 3961 2145 4056 quaedam
2176 3982 2439 4052 genera
2472 3958 2833 4031 facinorum

617 4076 890 4171 publica
944 4077 1284 4170 religione
1335 4078 1722 4173 improbata
1776 4077 2083 4163 fuerunt,
2167 4075 2541 4169 eademque
2618 4074 2832 4146 odiosa
2943 4096 2944 4099 ¹

619 4191 746 4264 deo
775 4192 1230 4284 habebantur,
1256 4194 1505 4288 quippe
1528 4194 1933 4289 quibusdam
1951 4190 2227 4285 legibus
2250 4184 2543 4289 (θεσμοῖς)
2564 4192 2830 4263 adversa

616 4307 704 4377 ab
763 4308 914 4402 ipso
979 4308 1106 4379 deo
1176 4309 1594 4381 constitutis,
1680 4310 2005 4393 Attamen
2085 4308 2399 4379 accidere
2483 4306 2700 4399 potuit
2770 4311 2833 4373 ut
