2975 5217
1051 444 1410 511 ...41-

65 587 194 679 qui
229 610 340 659 ne
375 590 470 663 ita
498 588 772 684 quidem
801 587 1236 679 corruptelae
1262 588 1553 659 crimine
1582 588 1905 659 immunis
1935 598 2003 661 et
2031 612 2072 661 a
2110 590 2349 683 poenis

64 726 394 775 securus
438 704 761 776 videtur¹.
805 704 944 775 Sed
998 727 1136 774 non
1195 704 1312 775 diu
1371 706 1439 773 in
1499 704 1631 775 hoc
1683 702 2151 793 haerebimus,
2193 728 2350 776 cum

65 819 523 892 testimoniis
594 819 828 892 multis
917 819 1400 913 comprobetur
1478 821 1819 919 avaritiae
1889 820 2208 915 opinione
2284 828 2352 891 et

69 935 319 1009 malae
355 935 752 1008 ambitionis
781 935 1086 1029 privatos
1122 944 1312 1007 vates
1340 912 1715 1007 laborasse.
1765 936 1996 1008 Satius
2035 938 2351 1007 oraculo-

67 1073 246 1121 rum
313 1050 800 1125 auctoritatem
873 1052 1332 1146 perpendere,
1403 1053 1475 1121 in
1531 1052 1780 1184 quibus
1843 1051 2050 1123 deum
2115 1052 2346 1145 ipsum

69 1168 438 1259 putabant
465 1167 656 1264 loqui
695 1191 820 1261 per
850 1167 1218 1239 antistites.

175 1283 501 1356 Oracula
539 1294 773 1355 autem
805 1306 941 1355 non
971 1285 1097 1354 nisi
1137 1285 1571 1375 interrogata
1602 1283 2083 1379 loquebantur.
2118 1285 2351 1357 Haud-

71 1422 446 1494 quaquam
485 1400 671 1471 enim
701 1422 826 1470 nos
855 1397 1103 1470 fallere
1143 1398 1392 1470 debent
1423 1422 1599 1493 quae
1631 1401 1882 1493 passim
1913 1400 2095 1493 apud
2135 1402 2350 1493 scrip-

77 1523 284 1585 tores
358 1514 657 1607 legimus
722 1540 738 1585 2
795 1509 959 1588 ηλθε
1016 1511 1079 1581 δε
1127 1541 1182 1582 οι
1220 1514 1531 1604 μάντευμα
1576 1514 1845 1612 (Plndq
1914 1518 2171 1610 Pylh„
2218 1516 2344 1603 IV,

84 1654 152 1700 v.
215 1630 388 1723 73),
451 1630 683 1699 ἐλθεῖν
743 1629 790 1698 οἱ
847 1629 1122 1721 μαντήιον
1188 1630 1254 1697 ἐκ
1309 1632 1549 1709 Βουτοῦς
1602 1632 1927 1723 (Herod.,
1987 1632 2075 1703 II.
2149 1630 2341 1723 133),

82 1744 536 1820 Ἀθηναίοισι..
554 1742 767 1821 ,ἦλθε
803 1746 1077 1837 μαντήιον
1115 1744 1180 1812 ἐκ
1219 1738 1302 1812 Δ“
1283 1748 1464 1841 ,λφῶν
1496 1747 1622 1843 (V.
1658 1745 1818 1839 89),
1879 1744 2192 1823 ἐλθόντος
2246 1772 2348 1840 σφι

83 1862 459 1957 χρηστηρίου
501 1864 689 1954 (VII.
735 1860 930 1959 189),
977 1863 1325 1959 χρηστήριον
1351 1859 1725 1935 ἐληλύθεεν
1753 1866 1827 1929 ἐκ
1856 1862 2098 1958 Δελφῶν
2136 1862 2348 1930 Λακε-
2360 1866 2370 1877 ’

86 1975 446 2068 δαιμονίοισι
496 1979 722 2085 (VIII.
787 1980 984 2074 114),
1045 1977 1316 2075 χρησμός
1341 1978 1458 2075 γάρ
1494 1972 1636 2053 ηλθε
1672 1977 1857 2068 Λαΐῳ
1879 1977 2008 2048 ποτέ
2066 1978 2342 2076 (Soph.,

97 2094 286 2167 Oed.
329 2096 424 2167 R.
441 2119 563 2183 ,.v
607 2094 785 2189 711)
834 2105 902 2167 et
948 2095 1225 2183 similia,
1271 2095 1458 2166 unde
1516 2096 1665 2189 quis
1712 2093 2001 2167 forsitan
2032 2095 2117 2166 de
2161 2094 2349 2166 vati—

90 2208 302 2281 ciniis
325 2234 462 2282 non
489 2212 814 2307 quaesitis
832 2212 1138 2304 cogitare
1158 2212 1411 2305 possit3
1438 2233 1602 2283 nam
1626 2210 1975 2282 interdum
2009 2234 2091 2281 ex
2114 2210 2349 2281 verbis

94 2324 507 2419 quibusdam
545 2326 790 2397 vicinis
824 2323 1250 2398 lucidissime
1279 2335 1569 2419 apparet
1598 2326 1683 2397 de
1704 2326 2055 2419 responsis
2085 2326 2201 2417 agi
2224 2348 2347 2419 per

93 2440 378 2513 theoros
411 2442 500 2513 ad
529 2466 687 2513 eum
717 2442 958 2513 relatis
990 2442 1105 2536 qui
1132 2440 1496 2514 consulere
1526 2442 1928 2513 decreverat
1961 2466 1979 2531 3
2030 2441 2345 2533 exemplo

97 2545 238 2618 sint
291 2548 366 2651 bi
406 2549 539 2619 loci
581 2548 816 2643 quales
864 2547 1064 2620 facile
1113 2548 1362 2619 multos
1403 2549 1712 2641 reperias
1749 2574 1763 2617 :
1822 2545 1847 2614 ὁ
1887 2546 1937 2613 δ’
1974 2544 2033 2625 ἔς
2070 2574 2129 2616 τε
2156 2547 2346 2613 Πυθώ

100 2662 253 2730 κοῖπὶ
288 2662 587 2741 Δωδώνης
630 2664 930 2742 πυκνούς
962 2661 1377 2759 θεοπρόπους
1417 2660 1784 2752 ἴαλλεν...,
1817 2663 1965 2740 τέλος
1998 2663 2052 2730 δ’
2085 2662 2345 2758 ἐναργής

97 2776 280 2859 βάξις
310 2774 518 2853 ἦλθεν
549 2780 817 2876 Ἰνάχῳ
840 2778 1557 2877 (Aesch.,Prom.,v.
1587 2778 1971 2873 658-659);
2000 2779 2336 2874 Κροῖσος...

100 2889 160 2968 ἔς
185 2921 248 2962 τε
286 2895 359 2965 τοὶ
401 2897 740 2991 χρηστήρια
784 2892 1136 2986 ἔπεμπε...
1183 2897 1284 2962 καὶ
1333 2894 1406 2970 δή
1445 2896 1547 2961 καὶ
1599 2895 2026 2985 ἀπικομένου
2072 2900 2347 2989 χρησμοῦ

101 3008 462 3086 κιτῗδῆλου...
503 3010 832 3109 (Herod.,
868 3014 923 3084 Ῑ.
949 3011 1074 3109 75)
1103 3036 1123 3102 3
1172 3011 1465 3103 πέμψαντι
1501 3010 1564 3078 δέ
1593 3010 1641 3079 οἶ
1676 3012 2249 3109 (Psammeticho)
2281 3010 2341 3087 ἐς

103 3124 337 3195 Βουτοῦν
374 3126 532 3196 πόλιν
560 3128 622 3206 ἐς
665 3130 723 3197 τό
752 3129 1105 3224 χρηστήριον
1133 3132 1234 3205 τῆς
1270 3128 1518 3205 Λητοῦς.
1539 3184 1584 3198 ..
1619 3122 1787 3200 ἦλθε
1814 3124 2172 3222 χρησμός...
2210 3127 2333 3223 (II.

113 3241 274 3335 152)
301 3269 320 3335 3
375 3242 504 3311 οὐδὲ
549 3272 733 3340 σφεας
789 3244 1318 3342 (Athenienses)
1351 3243 1687 3339 χρηστήρια
1717 3242 1935 3338 φοὸεροὶ
1960 3238 2250 3312 ἐλθόντα
2277 3241 2341 3308 ἐκ

105 3353 432 3454 Δελφῶν...
477 3357 700 3431 ἔπεισεν
745 3360 995 3430 ἐκλιπεῖν
1033 3356 1519 3433 τήνἙλλοέδα...
1564 3357 1992 3449 Πέμψαντες
2034 3356 2243 3453 γάρ...
2280 3356 2341 3435 ἐς

109 3472 446 3569 Δελφούς...
501 3474 694 3573 (VII,
749 3474 1156 3571 139-140);
1213 3483 1414 3547 etc...
1476 3475 1675 3559 Quod
1722 3470 1909 3574 vero
1942 3474 2338 3545 Herodotus

109 3602 338 3662 narrat
354 3591 516 3689 (VI.
551 3591 668 3687 19)
701 3593 1027 3687 Pythiam
1054 3593 1374 3663 absentes
1397 3590 1712 3662 Milesios
1727 3589 1890 3661 olim
1910 3590 2337 3682 increpuisse

113 3714 175 3773 et
204 3728 428 3778 coram
466 3707 632 3779 solis
655 3708 945 3801 Argivis
975 3707 1061 3779 de
1081 3709 1401 3803 ‚proxima
1437 3707 1660 3778 Mileti
1698 3707 2001 3801 pernicie
2040 3705 2330 3791 dixisse,
2363 3717 2367 3721 ’

115 3828 176 3889 et
205 3820 332 3915 ipsi
360 3825 681 3918 scriptori
708 3822 816 3918 (ut
853 3825 1124 3918 opinor)
1173 3823 1563 3895 inauditum
1594 3824 1919 3917 quiddam
1971 3821 2333 3893 videbatur

113 3944 174 4003 et
199 3937 692 4034 interpretibus
719 3964 886 4011 vero
915 3941 1250 4012 dissimile
1288 3940 1508 4010 visum
1538 3948 1640 4009 est
1669 3926 1702 4029 ;2
1742 3960 1945 4033 quem
1984 3937 2073 4009 ad
2105 3938 2333 4008 locum

191 4236 208 4264 ¹
239 4231 382 4295 Oed.
417 4235 494 4294 R.
514 4280 529 4305 ,
553 4254 618 4297 v.
644 4236 784 4308 378,
809 4232 1097 4305 387-380‚
1130 4232 1418 4299 525-526,
1445 4231 1743 4301 572-573,
1776 4232 1929 4304 7053
1965 4231 2329 4297 Ρήοθηίεε..

119 4332 174 4379 v,
202 4320 336 4393 891,
364 4323 662 4385 958-959.
1554 4356 1563 4365 ·
2277 4356 2281 4361 ³
