2975 5217
1698 1381 1779 1471 ῙΙ

651 1622 1032 1687 Quatenus
1068 1625 1448 1680 runtnnum
1487 1626 1745 1680 Fur-:mr
1782 1627 1874 1679 ΝΕ
1906 1626 2333 1683 QUIBUSDAM
2370 1624 2817 1682 cwrrnmus

1136 1741 1312 1795 ΡΒΑΕ
1341 1742 1525 1797 Auis
1560 1743 1896 1798 unacum
1938 1743 2309 1798 faveatur

700 2058 810 2131 Ad
856 2060 1064 2132 aliam
1111 2084 1394 2134 causam
1425 2062 1714 2135 devenio
1736 2085 1873 2158 qua
1908 2063 2139 2135 vitiari
2177 2063 2395 2158 potuit
2448 2058 2841 2134 ususdivi-

602 2176 903 2247 nationis
958 2177 1032 2248 in
1099 2177 1394 2271 publicis
1473 2178 1681 2251 rebus
1743 2179 2095 2252 adhibitae
2131 2204 2147 2249 ε
2212 2179 2605 2251 simultates
2680 2178 2837 2247 dico

599 2289 785 2363 inter
834 2293 1125 2387 populos
1161 2303 1465 2385 exortaS‚
1510 2318 1680 2392 quar
1732 2320 1801 2366 m
1852 2296 1910 2366 si
1951 2294 2323 2389 participes
2355 2305 2557 2366 erant
2583 2314 2833 2365 oracu-

597 2404 826 2480 lorum
865 2408 1185 2499 ministri‚
1243 2412 1468 2504 potius
1517 2434 1688 2507 prop
1729 2411 1815 2482 iis
1868 2410 2048 2483 odiis
2090 2418 2209 2483 aut
2251 2409 2595 2490 ,amicitiis
2628 2430 2829 2505 quam
2954 2492 2956 2495 Α

599 2523 942 2596 voluntati
1000 2526 1274 2599 divinae
1304 2528 1454 2600 sine
1494 2527 2126 2600 dubioobsecuturi
2153 2535 2374 2600 erant.
2604 2590 2610 2595 .
2954 2504 2956 2594 i

693 2640 796 2712 Eo
849 2641 1139 2733 gravius
1167 2643 1412 2715 vitium
1464 2640 1679 2715 fuisse
1719 2667 1853 2739 quo
1911 2644 2173 2716 maiore
2220 2642 2449 2715 studio
2497 2642 2829 2714 Graeciae
2952 2696 2954 2715 ff

597 2754 833 2847 rebus,
863 2756 1261 2830 foederibus
1292 2769 1500 2854 atque
1540 2760 1905 2832 discordiis
1946 2760 2193 2832 civitas
2228 2782 2382 2832 sese
2404 2755 2827 2830 admiscebat
2952 2724 2954 2798 Ῑ

596 2870 1000 2944 cuiusintra
1043 2874 1213 2947 fines
1258 2875 1488 2949 stabat
1526 2877 1908 2965 oraculum,
1972 2876 2193 2969 primo
2240 2874 2488 2947 obtutu
2516 2880 2815 2969 apparet.

595 2988 734 3059 Sed
771 2989 901 3061 hoc
932 3015 1204 3087 quoque
1230 2994 1466 3087 magni
1502 2990 1843 3077 interfuit,
1881 3014 2090 3086 quam
2120 3002 2311 3065 arcte
2353 2990 2535 3062 sacri
2566 2986 2822 3063 antisti-

594 3111 698 3174 tes
740 3127 824 3176 ex
848 3105 969 3178 illa
1009 3108 1288 3180 civitate
1335 3108 1861 3203 pependerint¹.
1898 3107 2453 3181 Branchidarum
2504 3105 2686 3177 enim
2724 3100 2821 3199 (ut

591 3221 923 3314 exemplis
960 3221 1143 3319 utar)
1175 3225 1567 3319 antiquiore
1624 3223 1933 3311 oraculo,
1976 3245 2367 3320 quanquam
2397 3222 2585 3319 apud
2620 3222 2685 3291 M
2698 3221 2819 3292 ile-

590 3334 729 3406 sios
769 3335 1054 3430 vigente
1110 3339 1446 3413 Graeciae
1508 3341 1717 3413 rebus
1773 3339 2057 3412 minime
2120 3339 2409 3429 alienos,
2467 3346 2607 3411 'non
2656 3336 2817 3409 adeo

590 3452 1094 3542 pertimendam
1156 3455 1288 3528 fuit
1353 3481 1441 3531 ne
1506 3480 1838 3551 responsa
1903 3456 2237 3529 darentur
2297 3454 2590 3527 Milesiis
2663 3450 2815 3525 solis

587 3568 946 3659 profutura
981 3596 996 3641 ε
1034 3593 1192 3642 nam
1225 3596 1436 3666 penes
1468 3582 1752 3669 gentem
1783 3573 2152 3670 quamdam
2199 3569 2550 3643 oraculum
2584 3566 2809 3655 stetit2‚

664 3764 685 3798 ¹
714 3765 884 3825 Adde
912 3769 1071 3844 quod
1101 3770 1259 3848 apud
1283 3771 1571 3832 nonnulla
1591 3773 1881 3833 manteia
1907 3772 2005 3831 vel
2037 3771 2186 3831 solis
2228 3767 2464 3831 civibus
2479 3780 2811 3829 concessum

583 3852 700 3913 fuit
727 3861 794 3914 ut
820 3858 1064 3918 oraculo
1093 3864 1432 3933 uterentur,
1462 3860 1562 3919 vel
1580 3862 1934 3938 peregrinos
1962 3861 2174 3920 saltem
2212 3858 2498 3936 oportuit,
2559 3856 2674 3917 nisi
2698 3854 2809 3915 sin-

584 3944 782 4018 gulari
812 3946 1133 4024 privilegio
1153 3950 1438 4024 munitos,
1471 3968 1581 4027 per
1622 3951 1820 4011 civem
1850 3950 2167 4027 quemdam
2218 3949 2553 4009 consulere.
2584 3946 2674 4007 Gf.
2700 3946 2809 4006 He-

581 4034 742 4104 rod„
779 4034 952 4097 VIII.
990 4036 1300 4115 134,135;
1332 4040 1523 4115 BCH‚
1560 4039 1737 4113 1895,
1769 4059 1829 4118 p.
1863 4039 1962 4100 61.

662 4120 687 4157 ²
714 4124 1000 4185 Testatur
1013 4127 1110 4185 et
1095 4145 1292 4204 ipsum
1320 4130 1554 4188 oraculi
1578 4148 1792 4189 nomen
1820 4136 1880 4189 et
1892 4129 2053 4207 quod
2073 4136 2483 4189 narraverunt
2516 4129 2590 4188 de
2620 4128 2806 4187 Bran-

582 4210 897 4273 chidarum
939 4217 1198 4291 posteris
1242 4218 1573 4295 scriptores
1622 4236 1829 4278 rerum
1874 4218 2235 4280 Alexandri.
2295 4217 2389 4279 Gf.
2416 4216 2800 4278 Bouche-Le-

583 4302 774 4379 clerq,
803 4303 977 4363 Hist.
1003 4306 1084 4364 de
1115 4308 1183 4365 la
1211 4306 1624 4380 Divinarum,
1658 4309 1771 4381 ΙΙΙ,
1817 4326 1876 4385 p.
1911 4308 2026 4367 241
2062 4313 2122 4367 et
2153 4325 2213 4365 n.
2250 4306 2307 4367 1.
