2975 5217
1139 420 1504 500 -65-.-

140 587 443 635 omnem
471 564 770 658 lapidem
815 587 857 636 a
888 565 1036 635 loco
1073 566 1404 637 moveret1
1455 590 1537 655 »3
1586 569 1864 659 roganti
1915 569 2116 643 alteri
2164 566 2290 651 πῶς
2336 572 2409 641 ἄν

139 680 572 771 πλουτήσαιμι,
621 679 763 758 Διὸς
816 679 918 747 καὶ
956 674 1179 759 Λητοῦς
1215 679 1348 772 vit-33
1399 682 1752 754 Athenaeo
1782 692 1957 757 teste
2002 692 2100 780 (p.
2135 688 2283 761 219
2312 688 2400 787 Α)
2475 735 2480 741 ·

141 798 302 867 hoc
321 796 626 890 lepidum
657 798 1438 892 responsumrcontigit:
1475 796 1527 867 εἰ
1554 799 1610 867 τὸ
1636 798 1809 888 μέσον
1847 799 2085 875 κτήσαιο
2126 804 2409 899 Κορίνθου

141 912 274 978 καὶ
323 907 638 991 Σικυῶνος.
681 914 922 1005 Vides,
979 914 1040 985 si
1095 915 1246 1010 quis
1302 913 1530 985 futilia
1594 913 1705 985 vel
1766 916 2136 990 ambitiosa
2199 922 2405 995 nimis

145 1030 617 1123 poposcisset,
673 1030 941 1102 divinos
1004 1053 1145 1101 non
1205 1013 1627 1103 abstinuisse
1677 1033 1841 1127 quin
1912 1034 2198 1107 iocando
2252 1061 2405 1111 sese

148 1146 598 1239 expedirent.
668 1146 1018 1219 Interdum
1097 1169 1407 1241 quoque,
1502 1146 1961 1278 grandiloqua
2038 1162 2406 1248 praecepta

149 1260 474 1350 edenteS,
511 1261 858 1334 difficilius
888 1286 1138 1333 munus
1164 1262 1631 1355 respondendi
1660 1286 1798 1334 non
1816 1264 1967 1336 sine
2004 1266 2235 1358 gloria
2260 1292 2301 1341 a
2330 1294 2405 1342 se

145 1375 564 1449 reiciebant.
611 1377 752 1460 Sic,
785 1378 1066 1470 roganti
1105 1377 1359 1460 Croeso
1391 1377 1558 1472 quid
1585 1400 1807 1471 agens
1845 1380 2181 1475 reliquam
2220 1393 2403 1458 aeta-

147 1498 302 1561 tem
336 1489 608 1563 beatam
651 1492 961 1583 degeret,
997 1490 1251 1585 Pythia
1282 1491 1580 1563 edixisse
1611 1488 1904 1565 fertur²t

401 1632 630 1701 Σαυτόν
655 1631 993 1726 γιγνώσκων
1021 1629 1352 1721 εὐδαίμων,
1387 1633 1629 1728 Κρεισε,
1662 1643 1937 1728 περάσεις

149 1776 386 1847 nobile
433 1775 786 1871 placitum,
833 1776 1012 1869 quod
1060 1776 1333 1847 effutire
1379 1776 1667 1847 minoris
1724 1776 1984 1849 laboris
2032 1778 2159 1850 fuit
2199 1805 2401 1876 quam

153 1890 415 1963 Croeso
451 1893 538 1964 de
575 1915 796 1985 regno
825 1891 1309 1986 gubernandO,
1345 1890 1434 1963 de
1459 1892 1665 1962 domo
1706 1893 2277 1989 administranda,
2316 1898 2401 1971 de

147 2007 302 2078 vita
332 2007 744 2098 ordinanda,
791 2005 1165 2079 humiliora
1204 2007 1615 2098 singillatim
1644 2008 2145 2101 praescribere.

255 2124 606 2196 Hactenus
677 2125 762 2193 de
821 2122 1192 2194 calliditate
1249 2108 1548 2194 disserui
1604 2143 1740 2217 qua
1805 2133 2142 2218 responsa
2201 2110 2416 2200 vates⁴

149 2240 688 2333 componebant.
741 2238 880 2311 Sed
919 2248 986 2310 et
1020 2238 1306 2309 aliunde
1343 2260 1839 2334 nonnunquam
1884 2243 2395 2315 excusationem

149 2356 456 2427 traxisse
494 2356 846 2426 videntur.
883 2354 1256 2438 Arrianus,
1300 2363 1661 2448 postquam
1725 2358 2030 2428 narravit
2075 2358 2395 2431 Alexan—

149 2470 269 2540 dri
310 2470 447 2542 iam
501 2471 928 2565 aegrotantis
976 2469 1344 2541 nonnullos
1384 2468 1767 2541 familiares
1804 2494 1845 2543 a
1874 2472 2202 2568 Sarapide
2234 2499 2395 2569 per-

150 2596 460 2658 contatos
498 2610 654 2659 esse
689 2585 734 2654 εἷ
773 2588 913 2675 λῷον
942 2586 1044 2653 καὶ
1076 2583 1306 2675 ἄμεινον
1337 2583 1716 2680 Ἀλεξάνδρῳ
1746 2584 1829 2663 εἷς
1865 2586 1923 2655 τό
1961 2585 2109 2685 ἱερὸν
2137 2594 2234 2659 τοῦ
2272 2596 2402 2659 θεοῦ

151 2704 498 2793 κομισθέντα
525 2704 627 2770 καὶ
671 2700 1042 2773 ἱκετεύσαντα
1079 2699 1505 2798 θεραπεύεσθαι
1537 2703 1678 2797 πρὸς
1721 2705 1816 2771 τοῦ
1863 2707 1989 2772 θεοῦ
1998 2760 2015 2794 ,
2058 2728 2139 2777 ac
2186 2708 2391 2779 deum

156 2820 430 2914 quidem
470 2821 772 2892 vetuisse
814 2844 901 2891 ue
943 2842 1182 2911 regem
1213 2841 1254 2889 a
1290 2818 1440 2889 loco
1480 2828 1864 2907 moverent,
1910 2820 2393 2893 Alexandrum

155 2960 322 3009 vero
357 2936 558 3029 paulo
597 2946 750 3029 post
807 2959 845 3005 e
893 2934 1035 3005 vita
1080 2932 1428 3022 cessisse³‚
1475 2973 1570 2985 —-
1620 2943 1943 3029 tanquam
2003 2938 2392 3032 aequalium

155 3053 547 3144 opinionem
577 3050 911 3141 referens,
947 3050 1118 3122 haec
1146 3050 1360 3121 verba
1390 3048 1751 3142 subiungit
1784 3074 1799 3119 ε
1842 3047 1923 3127 ὥς
1948 3054 2099 3120 τοῦτο
2126 3048 2252 3147 ἄρα
2271 3050 2390 3127 ἤδη

153 3164 216 3234 ὃν
251 3169 308 3237 τὸ
349 3166 604 3259 ἄμεινον.
663 3167 820 3239 Tali
869 3190 1075 3259 porro
1115 3164 1543 3237 excusationi
1580 3164 1770 3237 locus
1810 3165 1957 3236 sine
1987 3166 2196 3238 dubio
2232 3190 2391 3238 am-

157 3284 499 3376 plissimus
549 3284 849 3376 patebat,
885 3305 1043 3353 cum
1091 3281 1402 3376 plerique
1434 3280 1653 3353 verba
1680 3280 1823 3368 λῷον
1858 3280 1961 3348 καὶ
2002 3278 2233 3371 ἄμεινον
2276 3296 2392 3357 aut

160 3401 404 3475 similia
468 3401 539 3471 in
586 3396 1084 3491 interrogando
1147 3396 1476 3467 adhibere
1529 3395 1871 3485 solerent3
1927 3396 2100 3468 fides
2158 3408 2386 3472 autem

160 3525 406 3609 quanta
435 3495 685 3587 revera
717 3512 966 3585 tributa
995 3512 1224 3599 fuerit,
1279 3533 1522 3605 parum
1564 3519 1993 3603 compertum
2019 3511 2383 3587 habemus,

162 3630 710 3727 Comprobasset,
736 3637 811 3700 ut
835 3637 1030 3723 put0,
1063 3629 1413 3717 Socrates,
1459 3627 1577 3721 qui
1606 3649 1646 3697 a
1672 3626 1821 3697 deis
1850 3635 2115 3699 tantum
2151 3628 2391 3723 τάγαθά

161 3747 496 3839 poscebat,
531 3743 610 3823 ὥς
645 3745 769 3821 τούς
802 3744 958 3822 θεούς
1001 3743 1283 3813 κάλλιστα
1313 3740 1539 3817 εἰδότας
1579 3740 1746 3810 ὁποῖα
1784 3741 1989 3836 ἀγαθά
2023 3742 2211 3835 iate&
2264 3746 2389 3817 sed

163 3862 316 3934 item
367 3862 619 3953 vulgus
648 3861 974 3949 sensisse,
1009 3883 1151 3931 non
1181 3859 1278 3930 ita
1308 3857 1685 3929 verisimile
1719 3869 1846 3931 est.

241 4015 258 4049 ¹
283 4015 516 4084 Suida8‚
544 4033 595 4074 s.
624 4032 686 4073 V.
720 4014 898 4073 πάντα.
926 4014 1129 4072 κάλων.

238 4104 259 4139 ²
293 4105 471 4174 Xen.‚
507 4103 773 4179 Cyrop„
801 4102 943 4161 VII.
974 4102 1036 4158 2.
1070 4098 1172 4157 20.

237 4192 258 4228 ³
283 4192 370 4251 De
397 4192 680 4266 eoepedit.
707 4190 932 4260 Aleae„
963 4188 1102 4246 VII.
1139 4185 1240 4244 26.
1274 4185 1334 4242 2.

238 4280 260 4315 ⁴
284 4284 466 4351 Xon„
497 4280 723 4349 Mem„
754 4280 804 4337 Ι.
840 4278 900 4337 3.
932 4280 992 4337 2.
