2975 5217
1070 462 1427 530 -31-

75 608 342 681 lector
392 608 524 682 sibi
575 610 778 683 facile
825 609 1252 705 suppleret¹.
1301 611 1501 685 Talia
1554 608 1774 704 igitur
1826 603 2171 701 exempla,
2216 622 2379 676 ‘meo

75 724 408 817 iudicio,
443 727 555 799 hic
585 728 703 799 vix
735 729 809 798 in
839 748 1122 800 censum
1156 728 1478 800 veniunt.

193 850 296 921 In
341 849 753 922 universum
796 872 965 921 vero
990 847 1599 921 considerantibus
1624 868 1746 918 cur
1775 844 1861 917 de
1890 838 2381 938 praesentibus

83 975 223 1038 aut
245 967 358 1039 de
384 966 778 1061 praeteritis
806 974 1078 1038 veteres
1100 964 1352 1037 Graeci
1379 962 1881 1058 consuluerint,
1914 966 2203 1056 apparet
2221 956 2379 1029 illos
2484 1037 2489 1041 ,

85 1083 537 1181 plerumque
592 1081 708 1155 vel
751 1094 918 1154 tunc
974 1090 1160 1155 certa
1221 1081 1581 1153 commoda
1630 1079 1703 1149 in
1760 1078 2143 1150 crastinum
2196 1072 2380 1148 diem

85 1210 560 1273 consectatos
589 1223 768 1272 esse.
805 1200 1370 1271 percontationes
1401 1197 1643 1292 quales
1686 1195 1940 1267 multas
1980 1191 2137 1265 tulit
2188 1200 2381 1263 aetas
2464 1208 2469 1214 ·

89 1318 496 1413 posterior,
522 1340 792 1389 merum
820 1314 1136 1389 veritatis
1173 1314 1475 1387 studium
1519 1312 1889 1409 prodentes
1917 1308 2380 1403 scientiaeque

89 1436 509 1528 gratuitum
537 1456 850 1506 amorem
867 1433 919 1521 2,
963 1444 1122 1505 ante
1163 1429 1673 1520 Alexandrum,
1720 1430 1933 1501 immo
1975 1435 2133 1501 ante
2180 1423 2377 1499 Chri-

95 1546 307 1623 stum¹
349 1573 605 1647 paucas
641 1544 1148 1645 deprehendas,
1181 1548 1390 1644 Apud
1411 1548 1681 1622 Atticos
1720 1547 1964 1619 saltem
2008 1542 2381 1637 scriptores

97 1669 404 1740 nullum
431 1691 565 1762 ego
591 1666 982 1762 exemplum
1009 1665 1269 1756 inveni,
1314 1664 1454 1751 nisi„
1477 1665 1824 1761 respicere
1849 1660 2377 1757 velisPIatoniJ*

100 1809 280 1857 cum
328 1786 528 1858 illum
581 1784 821 1857 locum.
856 1807 894 1855 e
934 1781 1255 1876 Leyibus
1281 1780 1384 1879 (p.
1426 1783 1574 1855 662
1602 1780 1748 1881 CD)
1780 1780 1899 1853 ubi
1936 1778 2257 1852 Socrates
2298 1800 2383 1849 ex

103 1902 270 1974 deis
330 1892 666 1997 quaerere
707 1894 967 1994 cogitat
1008 1894 1108 1996 ἆρ’
1144 1896 1171 1967 ὃ
1221 1897 1575 1977 δικαιότατός
1614 1898 1734 1993 ἔστι
1769 1896 1892 1989 βίος
1941 1893 2173 1974 ἥδιστος
2204 1891 2247 1971 ἦ
2288 1891 2378 1961 δύ’

103 2018 281 2091 ἐστόν
318 2047 433 2089 τινε
475 2010 626 2109 βὶω’,
658 2012 743 2085 οἷν
776 2015 803 2085 ὁ
834 2018 940 2109 μὲν
975 2015 1208 2096 ἥδιστος
1237 2013 1324 2085 ὤν’
1351 2008 1659 2113 ἐυγχάνει,
1698 2013 2050 2092 δικαιότατος
2086 2010 2376 2108 δ’ἕτεροςς,

111 2143 618 2239 Chaerephon‚
664 2166 869 2238 quem
901 2142 1099 2215 Plato
1140 2144 1675 2237 Xenophonque
1724 2150 2016 2213 narrant
2053 2140 2379 2235 Pythiam

111 2261 689 2355 interrogavisse
717 2260 872 2354 quis
903 2259 1188 2332 Socrate
1234 2269 1416 2332 esset
1442 2256 1938 2353 prudentior&
1990 2256 2379 2351 Aegienses

116 2378 272 2475 (vel
318 2379 840 2469 Megarenses),
874 2399 1044 2471 quos
1072 2375 1366 2477 fortasse
1395 2377 1535 2447 iam
1564 2374 1712 2462 Ion,
1748 2382 1938 2447 certe
1968 2370 2073 2445 111i
2122 2373 2379 2453 saeculi

117 2484 503 2588 scriptores
529 2492 914 2565 sciscitatos
941 2514 1094 2565 esse
1131 2488 1523 2565 referebant
1544 2488 1693 2569 τίνες
1721 2484 1832 2560 εἷεν
1862 2487 1911 2558 οἱ
1941 2489 2223 2592 κρείττους
2263 2496 2377 2562 τῶν

203 2842 224 2877 ¹
255 2843 360 2903 Sic
380 2842 778 2921 Metapontini
801 2841 958 2919 apud
988 2842 1362 2907 Herodotum
1394 2842 1533 2921 (IV.
1577 2840 1704 2921 15),
1746 2850 1895 2918 quos
1935 2840 2212 2900 Aristeae
2235 2836 2371 2896 ido-

121 2926 226 2990 lon
281 2933 566 3004 vexabat,
610 2932 925 3010 rogavisse
982 2931 1394 2990 tautummodo
1449 2932 1738 2991 dicuntur
1794 2930 1874 2989 ὅτι
1929 2928 1992 2989 τὸ
2043 2930 2238 3013 φάσμα.
2282 2942 2376 2991 τοῦ·

121 3014 403 3103 ἀνθρώπου
433 3020 520 3099 εἴη
546 3043 562 3097 ;
597 3020 814 3091 Cnidii,
848 3038 986 3080 cum
1015 3019 1306 3078 isthmum
1332 3020 1469 3078 urbi
1498 3019 1771 3079 vicinum
1801 3017 2116 3095 perforare
2154 3024 2377 3100 nequi-2

125 3117 286 3181 rent,
319 3111 586 3189 Delphos
636 3109 877 3169 misisse
905 3109 1149 3167 theores
1187 3109 1640 3191 ἐπειρησομένους
1675 3108 1736 3167 τὸ
1770 3107 2013 3179 ἀντίξοον
2033 3116 2067 3186 ;’
2094 3116 2213 3171 ete.
2267 3158 2273 3163 -

203 3198 230 3234 ²
260 3200 606 3259 Hadrianus
630 3200 961 3275 imperator
990 3195 1237 3273 Delphis
1275 3198 1625 3257 sciscitatur
1648 3200 1805 3258 πόθεν
1838 3196 2089 3283 Ὅμηρος
2116 3198 2205 3260 καὶ
2230 3206 2375 3270 τίνος

127 3288 472 3367 (Certamen
502 3289 680 3347 Hom.
706 3294 767 3348 et
803 3286 979 3357 Hes.‚
1020 3302 1080 3363 p.
1111 3285 1152 3346 5
1191 3286 1287 3345 ed.
1340 3286 1731 3366 Nietzsche);
1782 3288 1984 3347 nescio
2018 3289 2153 3367 quis
2202 3288 2375 3351 Colo·
2446 3302 2452 3307 ’

125 3378 326 3453 phone
381 3379 617 3455 quaerit
671 3394 706 3433 α
737 3377 871 3454 quis
927 3376 1008 3436 sit
1054 3374 1322 3456 (Apollo)
1369 3381 1475 3436 aut
1535 3375 1681 3452 quid
1737 3377 1818 3436 sit
1870 3377 2111 3437 omnino
2160 3380 2308 3440 deus
2339 3402 2371 3440 >)

130 3464 356 3545 (Lact.‚
389 3468 440 3527 Ι.
472 3464 570 3545 7);
609 3466 788 3536 alius,
821 3486 853 3523 α
879 3467 1014 3543 quis
1036 3468 1286 3526 deorum
1323 3463 1635 3525 habendus
1673 3464 1754 3525 sit
1784 3466 1883 3542 qui
1921 3471 2175 3527 vocatur
2205 3470 2306 3529 Iao
2337 3492 2369 3530 »

129 3554 454 3633 (Macrob.,
489 3554 792 3627 Satura„
824 3555 874 3616 I.
907 3556 1004 3616 18.
1042 3553 1176 3635 19);
1217 3554 1397 3628 aliuS,
1446 3552 1565 3637 περὶ
1590 3561 1691 3630 τῆς
1719 3556 1909 3636 ψυχῶν
1932 3557 2204 3637 διαγωγῆς
2233 3555 2374 3638 μετὰ

127 3640 228 3722 τὴν
275 3640 378 3703 ἀπὸ
425 3654 518 3704 τοῦ
551 3646 803 3724 σώματος
830 3644 1002 3714 ἔξοδον
1061 3643 1292 3723 (Stob.‚
1351 3644 1504 3703 Eel.
1536 3644 1753 3721 phy-su,
1801 3646 1853 3716 I,
1888 3644 1986 3705 41.
2032 3645 2159 3726 46);
2198 3654 2367 3714 etc...

129 3733 410 3792 Eiusdem
447 3734 692 3809 generis
725 3734 900 3809 plura
939 3732 1210 3791 invenies
1250 3732 1313 3790 in
1347 3730 1580 3790 Wolffii
1619 3738 1679 3792 et
1719 3733 2043 3794 Bureschii
2089 3738 2375 3812 operibus

129 3820 358 3899 (wolff,
423 3822 520 3881 De
574 3823 930 3881 novissima
977 3823 1404 3882 oraculorum
1459 3830 1672 3881 aetate
1684 3844 1712 3895 ,·
1747 3823 2048 3901 Buresch,
2103 3826 2366 3903 Klaros,

133 3911 487 3988 praesertim
528 3912 593 3970 in
652 3911 981 3987 appendice
1035 3910 1317 3995 χρησμοὺς
1346 3918 1456 3969 τῶν
1496 3912 1801 3989 ὲλληνικῶν
1840 3918 1973 3973 θεῶν
2000 3916 2367 3998 continente)

134 4008 190 4059 et
217 4001 279 4058 in
311 3999 564 4058 Maximi
590 3999 764 4076 Tyrii
790 4000 1363 4060 Dissertationibus
1383 4000 1620 4079 (XVII.
1647 4000 1686 4060 6
1713 4001 1789 4060 ad
1803 4001 1937 4078 fin.;
1956 4003 2120 4063 XLI.
2150 4005 2180 4063 1
2206 4005 2369 4077 init„

133 4088 169 4147 2
193 4088 352 4159 init„
385 4087 424 4146 3
450 4088 589 4146 init.
617 4108 634 4163 3
669 4087 936 4151 XXXV.
970 4090 1007 4146 7
1036 4110 1053 4159 3
1086 4087 1288 4167 etc...)

208 4176 232 4210 ³
261 4176 462 4249 Plat„
503 4178 731 4252 Apol„
779 4193 840 4252 p.
883 4176 957 4237 21
1009 4181 1096 4254 A;
1150 4174 1436 4254 Xen.(?)‚
1478 4177 1701 4254 Apol„
1730 4184 1766 4259 ἓ
1794 4178 1891 4241 14.
1936 4178 2029 4241 Cf.
2062 4181 2367 4261 Pomtow,

135 4266 224 4324 De
261 4265 554 4325 oraculis
581 4282 754 4343 quae
779 4272 1042 4325 eoestant
1054 4265 1312 4341 graecis
1337 4266 1633 4325 trimetro
1661 4267 1939 4327 iambico
1970 4272 2367 4345 compositis,

134 4355 288 4415 Diss.
320 4354 619 4431 Berolini,
647 4353 830 4424 1881,
860 4372 920 4430 p.
947 4352 1170 4417 16-17.
