2975 5217
1047 480 1402 546 ..17-

79 622 267 707 Quid
310 628 540 721 ergo?
580 624 871 697 Nullum
914 626 1262 698 hariolum
1317 636 1515 699 tanto
1585 625 1906 698 acumine
1971 620 2358 720 praeditum

80 739 308 813 fuisse
349 752 427 813 ut
461 741 873 836 rogantibus
899 742 1179 839 quando
1208 744 1527 815 morituri
1558 754 1791 816 essent
1819 764 1988 815 vere
2025 765 2109 815 ac
2133 740 2357 813 lucide

84 858 527 952 respondere
577 867 842 953 posset,
894 859 1157 929 nemini
1220 882 1363 932 non
1419 869 1747 952 constat3
1815 882 1971 931 cum
2032 880 2201 931 vero
2258 866 2360 927 tot

86 973 436 1045 vaticinia
512 972 759 1045 ficticia
823 983 1124 1063 exstent,
1196 985 1593 1069 promptum
1679 984 1853 1064 erat,
1906 975 1996 1046 ad
2064 972 2357 1067 gloriam

91 1099 342 1162 vatum
395 1090 904 1183 adaugendam,
958 1089 1123 1162 talia
1169 1089 1384 1163 multa
1437 1092 1709 1185 fingere
1779 1090 2012 1188 qualia
2060 1091 2177 1161 vix
2222 1088 2360 1188 duo

89 1206 420 1298 repperi3
454 1207 551 1277 ita
579 1216 681 1296 ut,
705 1207 776 1277 ni
805 1205 1043 1295 fallor,
1073 1229 1214 1277 non
1238 1207 1420 1279 male
1449 1198 1771 1279 conicere
1789 1207 2016 1302 possis
2037 1204 2362 1277 vaticinia

94 1319 306 1414 quale
349 1321 763 1416 Mycerinus
787 1324 1050 1417 accepit
1091 1346 1226 1394 non
1257 1322 1396 1423 illis
1448 1322 1975 1396 annumeranda
2002 1344 2156 1394 esse
2190 1342 2363 1417 quae

95 1435 364 1529 vulgus
398 1460 680 1531 poscere
701 1437 989 1510 solebat.
1027 1437 1229 1512 Adde
1258 1440 1442 1535 quod
1466 1462 1690 1536 neque
1714 1439 2121 1535 Mycerinus
2139 1458 2366 1533 neque

98 1550 468 1645 Sophoclis
505 1554 848 1626 Hercules
897 1554 985 1625 de
1036 1578 1117 1625 eo
1175 1557 1360 1651 quod
1411 1556 1689 1628 discunt
1742 1554 2106 1649 rogavisse
2160 1553 2366 1625 deum

101 1668 605 1761 perhibentur3
639 1692 887 1765 neque,
914 1679 1246 1766 quantum
1269 1694 1408 1743 sc1o
1418 1724 1436 1759 ,
1464 1672 1843 1766 scriptores
1867 1670 2106 1764 graeci
2129 1692 2366 1767 quem-

103 1805 311 1877 quam
364 1784 451 1855 de
497 1794 812 1880 tempore
845 1786 1089 1857 mortis
1139 1797 1584 1890 quaerentem
1634 1787 2001 1876 inducunt,
2036 1809 2172 1859 non
2213 1784 2365 1855 dico

108 1899 188 1969 de
216 1899 367 1989 die,
401 1898 488 1971 de
517 1924 785 1989 mense,
819 1902 904 1973 de
923 1901 1132 1992 anno,
1160 1903 1284 1974 sed
1309 1927 1397 1976 ne
1425 1904 1524 1975 ita
1554 1904 1876 1999 quidem:
1928 1927 1965 1973 «
1998 1902 2369 1976 Iuvenisne

109 2016 490 2088 moriturus
515 2039 775 2089 suman
799 2040 1054 2090 senex.
1037 2018 1099 2073 2¹
1124 2043 1162 2089 ι)
1197 2021 1385 2104 Quat
1390 2044 1428 2091 e
1465 2020 1761 2092 libenter
1794 2042 1926 2113 ego
1954 2018 2367 2091 crediderim

112 2131 419 2204 Graecos
440 2133 685 2204 eadem
705 2134 1008 2207 sensisse
1027 2158 1200 2231 quae
1221 2138 1428 2208 sentit
1442 2135 1842 2232 Aeschylus
1851 2137 2061 2225 ,inter
2078 2136 2370 2225 Prome-5

117 2245 253 2317 thei
276 2246 624 2321 beneficia
638 2251 863 2344 primo
887 2252 1164 2345 quidem
1196 2253 1345 2324 loco
1367 2273 1913 2323 commemorans
1937 2251 2120 2346 quod
2141 2250 2370 2327 θνητούς

113 2357 351 2430 ἔπαυσε
371 2363 455 2453 μή
485 2362 944 2461 προσδέρκεσθαι
977 2365 1212 2462 μόρονῗ.
1257 2367 1763 2440 Vaticiniorum
1802 2366 1934 2461 περὶ
1970 2370 2373 2463 καταστροφῆς

115 2481 202 2544 τοῦ
247 2479 386 2564 βέου
458 2482 800 2553 editorum
860 2506 1020 2577 pars
1093 2483 1306 2577 longe
1364 2483 1667 2555 maxima
1752 2482 1866 2554 vel
1929 2481 2179 2571 locum,
2260 2482 2373 2554 vel

119 2594 422 2684 modum,
467 2596 577 2667 vel
606 2619 851 2668 causas
877 2596 1143 2686 futuras
1171 2599 1417 2669 mortis
1447 2602 1965 2693 praenuntiant,
2002 2606 2071 2669 et
2104 2598 2199 2671 ita
2229 2598 2373 2694 qui-

121 2708 271 2779 dem
313 2710 723 2805 plerumque
750 2720 825 2783 ut
853 2715 1279 2807 praemonito
1300 2713 1564 2785 homini
1590 2736 1747 2808 spes
1773 2712 2212 2807 concedatur,
2234 2735 2371 2783 non

124 2844 285 2895 sane
325 2827 549 2898 fatum
587 2827 968 2921 effugiendi
983 2827 1034 2917 3,
1099 2829 1222 2901 sed
1293 2828 1569 2901 letalem
1624 2829 1866 2902 horam
1934 2828 2365 2903 retardandi.

126 2938 466 3021 Quamdiu
549 2943 730 3015 enim
801 2944 1153 3015 Hesiodus
1209 2942 1361 3016 loca
1414 2944 1744 3017 vitaverit
1800 2944 2051 3040 quibus
2122 2964 2373 3015 nomen

127 3050 445 3145 Nemea⁴,
474 3057 850 3151 Cambyses
870 3058 1020 3130 loca
1039 3059 1223 3131 dicta
1239 3055 1659 3146 Ecbatana⁵‚
1690 3057 2022 3153 quamdiu
2050 3056 2374 3130 Acrisius

206 3288 222 3319 ¹
253 3288 388 3348 Nisi
417 3290 684 3349 Luciano
714 3291 1025 3351 attendere
1061 3292 1234 3362 velia,
1267 3295 1328 3351 in
1359 3292 1763 3352 Hermotimo
1798 3290 2096 3350 scribenti
2124 3292 2181 3367 (ἓ
2205 3289 2344 3367 6>:.

130 3376 252 3453 ὑπὲρ
291 3380 346 3437 δὲ
371 3385 483 3439 τῶν
523 3382 720 3442 εἴκοσιν
763 3381 921 3452 ἐτῶν,
971 3380 1050 3441 ὅτι
1101 3382 1282 3464 βιωσῃ
1324 3392 1586 3457 τοσαῦτα,
1632 3384 1851 3463 πότερον
1881 3387 1909 3441 ὃ
1939 3380 2254 3446 διδάσκαλός
2283 3404 2376 3441 σου

136 3469 522 3549 καθυπέσχετο,
548 3468 608 3529 οὐ
641 3474 802 3549 μόνον
836 3470 992 3552 σοφὸς
1019 3467 1161 3530 ἀλλὰ
1193 3470 1284 3530 καὶ
1310 3470 1568 3551 μαντικὸς
1597 3471 1697 3543 ὤν,
1732 3469 1768 3548 ἢ
1807 3471 2185 3552 χρησμολόγος
2209 3493 2311 3541 τις,
2339 3467 2377 3546 ἢ

133 3552 235 3612 ὅσοι
274 3552 369 3623 τὰς
393 3560 687 3618 Χαλδαίων
720 3561 973 3637 μεθόδους
1004 3560 1351 3629 ἐπίστανται;
1388 3559 1532 3621 Φασὶ
1566 3570 1692 3638 γοῦν
1726 3560 1917 3619 εἰδέναι
1943 3555 2011 3618 τὰ
2039 3568 2308 3621 τοιαυτα..

136 3648 189 3698 et
206 3660 417 3707 rursus
442 3649 502 3706 in
519 3648 819 3724 Daealoyis
849 3655 1260 3707 mortuorum
1277 3649 1521 3729 (XI.1)
1543 3650 1647 3707 ubi
1678 3650 1825 3709 duos
1850 3647 2129 3725 aequales
2150 3647 2383 3707 inducit

136 3746 382 3803 quorum
428 3738 529 3814 qui
588 3738 844 3797 alterum
895 3739 1018 3797 vita
1071 3744 1389 3815 superaret
1435 3736 1867 3815 praemorienti
1911 3739 2088 3797 heres
2137 3737 2381 3795 futurus

137 3826 303 3881 erat·
341 3825 430 3884 καὶ
470 3826 517 3885 οἱ
558 3826 795 3905 μάντεις,
838 3850 885 3886 οι
907 3851 967 3885 τε
994 3822 1100 3885 ἀπὸ
1130 3834 1239 3886 τῶν
1257 3826 1469 3909 ἄστρων
1506 3824 1992 3908 τεκμαιρόμενοιτὸ
2022 3823 2219 3904 μέλλον
2258 3822 2383 3884 οἵτε

141 3901 239 3967 ἀπὸ
285 3921 393 3973 τῶν
430 3915 742 4001 ὀνειράτῳν,
749 3914 822 3981 ὥς
852 3940 912 3994 γε
945 3917 1237 3975 Χαλδαίων
1262 3918 1468 3987 παῖδες,
1502 3912 1645 3974 ἀλλὰ
1674 3914 1762 3975 καὶ
1795 3920 1823 3974 ‘o
1852 3918 2049 3980 Πύθιος
2053 3912 2225 3994 ἀὐτὸς
2265 3911 2383 3994 ἄρτι

145 3997 233 4073 μὲν
290 4004 541 4085 Ἀριστέᾳ
573 4014 733 4085 παρεῖ
720 4028 803 4086 ,γε
850 4028 910 4063 το
949 4005 1161 4086 κράτος,
1210 4004 1328 4087 ἄρτι
1371 4007 1428 4065 δὲ
1459 4009 1729 4087 Μοιρίχῳ.

213 4086 237 4121 ²
263 4092 486 4154 Prom.
499 4113 605 4169 ‚.v
645 4068 787 4153 ⁸248.
832 4094 925 4153 Cf.
961 4095 1207 4154 Weckl.
1251 4096 1323 4153 ad
1352 4094 1551 4154 locum

214 4173 238 4209 ³
264 4179 352 4238 De
380 4200 497 4258 quo
526 4182 733 4241 videas
755 4182 1005 4241 Luciani
1030 4183 1446 4271 cavillationes
1483 4184 1545 4240 in
1574 4182 1731 4241 Iove
1763 4188 2124 4259 confutate,
2165 4182 2195 4257 §
2222 4181 2319 4242 12.

213 4264 238 4299 ⁴
263 4264 864 4349 Thucyd„111.96.

219 4353 242 4389 ⁵
269 4358 524 4431 Herod.
559 4360 773 4422 111.64
